3209 5184
648 433 766 496 106
992 427 999 434 ’
1275 446 1586 494 PUBLILH
1633 447 1789 495 srm
1836 445 2294 495 senmurum.

647 608 774 667 570
815 600 939 664 Rei
983 598 1147 664 nulli
1191 598 1456 686 prodest
1500 620 1681 664 mora
1722 599 1851 662 nisi
1895 599 2292 665 iracundiae.

810 702 984 768 Reus
1031 703 1338 766 innocens
1381 699 1730 785 fortunam,
1777 723 1907 768 non
1950 710 2184 767 testem
2227 703 2436 767 timet.

810 805 1055 869 Rarum
1101 824 1243 868 esse
1285 811 1560 889 oportet,
1607 803 1783 889 quod
1828 802 1941 868 diu
1986 825 2206 868 carum
2250 803 2438 869 velis.

809 908 1066 992 Rapere
1112 914 1210 968 est
1252 905 1546 990 accipere
1587 905 1759 991 quod
1805 927 1937 969 non
1981 906 2192 993 possis
2238 905 2534 971 reddere.

809 1007 1087 1091 Regnat,
1131 1029 1262 1072 non
1306 1008 1574 1092 regitur,
1622 1007 1735 1092 qui
1778 1005 1873 1070 nil
1915 1007 2045 1072 nisi
2092 1005 2265 1094 quod
2310 993 2458 1073 vult
2500 1008 2681 1073 facit.

646 1117 765 1175 575
812 1107 1235 1174 Rivalitatem
1277 1129 1410 1172 non
1452 1116 1628 1172 amat
1671 1109 1969 1173 victoria.

807 1211 1137 1277 Ruborem
1180 1212 1390 1275 amico
1436 1219 1744 1275 excutere
1786 1211 2065 1293 amicum
2111 1219 2210 1275 est
2254 1210 2547 1298 p‘erdere.

807 1314 954 1380 Rex
998 1335 1141 1378 esse
1183 1311 1408 1395 nolim,
1452 1320 1526 1377 ut
1571 1333 1713 1377 esse
1759 1310 2039 1377 crudelis
2085 1313 2303 1380 velim.

804 1418 934 1482 Res
979 1423 1220 1502 quanto
1266 1423 1366 1479 est
1407 1414 1863 1496 maiorptanto
1909 1423 2008 1478 est
2051 1412 2459 1479 invidiosior.

804 1518 1092 1602 Roganti
1136 1515 1370 1580 melius
1417 1537 1611 1602 quam
1655 1516 2002 1601 imperanti
2046 1537 2296 1601 pareas.

640 1626 764 1685 580
806 1620 1155 1705 Respicere
1198 1617 1293 1681 nil
1340 1617 1679 1682 consuevit
1722 1615 2082 1682 iracundia.

804 1721 1062 1807 Rapere
1109 1727 1228 1802 est,
1273 1741 1405 1784 non
1448 1726 1686 1806 petere,
1735 1717 2057 1805 quidquid
2100 1719 2312 1782 invito
2356 1719 2637 1785 auferas,

802 1821 1191 1885 Remedium
1234 1818 1479 1884 frustra
1523 1828 1621 1884 est
1667 1830 1892 1885 contra
1936 1819 2182 1885 fulmen
2226 1843 2554 1907 quaerere.
2601 1818 2606 1824 ’

807 1921 1087 2011 [Rogare
1129 1921 1519 1986 beneficium
1564 1922 1845 1986 servitus
1891 1921 2413 2008 quoddammodo
2459 1927 2604 2009 est.]
2675 1985 2684 1994 ,

634 2043 764 2083 prov.
807 2024 998 2107 Sunt,
1043 2045 1311 2107 quorum
1353 2044 1575 2107 corpus
1617 2025 1951 2089 innoxium
1993 2030 2095 2104 est,
2142 2030 2200 2089 et
2242 2027 2313 2090 in
2356 2026 2522 2100 mille
2561 2027 2925 2109 facinorum

679 2132 757 2191 95
1203 2126 1417 2207 furias
1459 2145 1634 2191 mens
1679 2127 1878 2191 otiosa
1922 2127 2236 2191 discurrit.

803 2227 878 2292 Si
919 2229 991 2292 in
1035 2228 1380 2294 clientelam
1421 2227 1623 2309 felicis
1664 2228 1938 2312 hominis
1967 2229 2360 2311 potentisque
2391 2231 2772 2311 perveneriS,

1208 2335 1324 2394 aut
1362 2331 1594 2394 veritas
1638 2333 1753 2393 aut
1796 2331 2080 2393 amicitia
2113 2330 2441 2410 perdenda
2486 2336 2589 2395 est.

801 2430 876 2495 Si
917 2432 1013 2495 vis
1056 2431 1268 2495 beatus
1311 2450 1451 2509 esse,
1499 2432 1701 2512 coqita
1742 2431 1855 2495 hoc
1882 2431 2205 2512 primum:
2249 2436 2561 2497 contemne
2590 2438 2918 2500 contemni.

800 2529 878 2598 Si
919 2531 1132 2596 multis
1161 2532 1479 2613 placuerit
1518 2533 1653 2596 vita
1695 2537 1826 2610 tua,
1874 2532 1988 2596 tibi
2020 2532 2274 2614 placere
2318 2553 2447 2597 non
2477 2537 2727 2617 poterit.

802 2631 1215 2698 Solitudinem
1259 2637 1540 2713 quaerat,
1588 2634 1700 2713 qui
1742 2634 1874 2698 vult
1915 2653 2057 2698 cum
2098 2635 2529 2701 innocentibus
2570 2637 2790 2703 vivere.

635 2908 904 2952 comens
953 2912 996 2950 v.
1033 2892 1398 2953 569—583:
1443 2893 1500 2948 F
1525 2892 1650 2966 (T),
1693 2892 1947 2950 Proverb.
1981 2894 2148 2951 PRF
2175 2888 2336 2969 (EC),
2367 2896 2433 2953 M

635 3029 762 3086 570
810 3029 898 3101 Cf.
930 3048 979 3087 v.
1013 3029 1131 3086 311
1310 3027 1430 3085 572
1481 3027 1568 3102 C'f.
1600 3048 1649 3086 v.
1684 3027 1802 3085 511
1839 3036 1894 3086 et
1925 3029 2058 3086 Sen.
2091 3032 2161 3086 de
2192 3031 2383 3103 benef.
2423 3033 2488 3104 1,
2527 3033 2633 3105 14,
2672 3034 2703 3089 1
2745 3032 2920 3109 ‘quod

634 3113 787 3169 voles
831 3122 1044 3188 gratum
1088 3132 1239 3185 esse,
1284 3130 1462 3190 rarum
1507 3112 1704 3170 effice'.
1891 3113 2012 3172 573
2058 3132 2168 3171 non
2197 3117 2455 3190 Inyolst..·
2499 3135 2600 3174 usu
2632 3120 2711 3183 F,·
2752 3121 2832 3192 cf.
2867 3139 2916 3178 v.

636 3197 754 3254 172
789 3207 843 3255 et
872 3199 992 3256 581
1188 3196 1325 3266 574,
1357 3199 1569 3272 regitur
1606 3199 2043 3256 Froehlichius:
2084 3200 2329 3275 loquitur
2358 3204 2429 3273 F,
2474 3205 2723 3277 sequitur
2766 3209 2915 3263 coni.

631 3283 983 3340 Ribbeckius
1153 3283 1229 3339 nii
1263 3284 1507 3341 Gruter.-
1538 3283 1671 3339 nihil
1705 3283 1761 3337 F
1927 3283 2047 3342 576
2098 3283 2183 3358 Cf.
2218 3304 2266 3342 v.
2299 3285 2422 3343 455
2594 3290 2839 3346 incutere
2876 3291 2926 3346 T

812 3368 934 3424 577
982 3368 1169 3423 nollim
1201 3368 1258 3422 F
1442 3383 1562 3423 esse
1593 3366 1827 3423 crudelis
1859 3369 2122 3442 Myon-l..-
2154 3387 2231 3425 cr.
2266 3386 2385 3426 esse
2416 3372 2474 3427 F
2670 3373 2747 3430 57
2754 3375 2792 3432 ’8
2839 3376 2918 3431 in-

631 3451 886 3508 vidiosior
931 3453 1146 3509 Bothe.-
1189 3450 1502 3508 insidiosior
1532 3452 1655 3508 FT.
1744 3451 1833 3523 Cf.
1883 3452 2048 3510 Caec.
2083 3455 2255 3511 Balb.
2288 3454 2524 3514 Monac.
2562 3457 2672 3528 10,
2710 3459 2777 3530 1,
2814 3478 2913 3533 pq.

635 3536 742 3593 22:
785 3535 1118 3593 ·‘Simonides
1161 3538 1536 3611 interrogatus
1569 3553 1597 3590 a
1629 3535 1893 3609 quodam,
1940 3538 2391 3610 quemadmodum
2433 3541 2643 3597 invidos
2683 3560 2796 3600 non
2827 3545 2919 3600 ha-

630 3619 803 3693 beret,
835 3621 889 3678 Si
922 3622 1087 3692 nihil,
1118 3623 1326 3696 inquit,
1368 3639 1431 3678 ex
1465 3622 1674 3695 magnis
1706 3619 1868 3677 rebus
1902 3622 2151 3679 habueris
2182 3631 2274 3680 aut
2304 3624 2434 3681 nihil
2467 3625 2698 3682 feliciter
2729 3645 2918 3702 gesse-

631 3706 750 3761 ris'.
927 3706 1051 3765 580
1094 3707 1167 3763 nil
1197 3708 1439 3781 Inyolst.
1481 3713 1534 3771 et
1580 3707 1749 3764 Caec.
1784 3708 1954 3764 Balb.
1988 3706 2146 3765 Mon.
2185 3705 2242 3779 7,
2274 3708 2345 3780 4,
2384 3726 2480 3783 pq.
2517 3709 2593 3766 21
2639 3708 2726 3769 (Β.
2759 3713 2834 3768 nil
2865 3731 2914 3769 c.

630 3789 733 3844 i.’:
778 3790 912 3846 nihil
952 3792 1010 3847 F
1204 3791 1325 3849 582
1370 3791 1656 3865 remigium
1702 3791 1917 3848 Gruter
2087 3792 2285 3848 frustra
2328 3801 2413 3849 est
2455 3795 2672 3853 Gruter
2713 3793 2814 3871 (cf.
2863 3818 2915 3855 v.

630 3872 803 3945 418);
850 3873 996 3930 fraus
1039 3883 1124 3931 est
1165 3877 1244 3946 F,
1291 3884 1352 3932 ul
1395 3895 1443 3932 v.
1483 3874 1601 3931 172
1817 3876 2022 3932 fulmen
2064 3879 2393 3935 Bentleius:
2436 3879 2636 3936 flumen
2665 3883 2723 3938 F

632 3958 752 4016 583
803 3957 891 4031 Cf.
925 3978 974 4016 v.
1010 3958 1110 4016 48.
1145 3959 1271 4017 490
1410 3956 1756 4034 heneficium]
1790 3962 2029 4035 ingenuo
2064 3964 2279 4020 Gruter
2309 3979 2389 4021 ex
2419 3968 2755 4023 coniectura

631 4043 710 4101 95
771 4044 928 4101 Vino.
963 4045 1109 4104 Bell.
1143 4061 1228 4117 sp.
1260 4047 1315 4102 d.
1350 4043 1410 4115 4,
1446 4044 1563 4100 107
1748 4040 1832 4121 et]
1866 4045 1972 4102 Sed
2006 4048 2060 4101 F
2081 4051 2504 4121 initio-versus,
2547 4052 2752 4106 animus
2786 4068 2917 4108 vero

631 4128 856 4202 (omisso
899 4127 1070 4201 mens)
1105 4130 1149 4187 C
1328 4129 1615 4185 faunorum
1647 4130 1703 4184 F
1732 4126 1741 4132 '
1868 4130 2032 4187 furias
2062 4132 2297 4189 PRFC':
2344 4133 2488 4190 furta
2532 4135 2691 4195 Vinc.
2726 4155 2803 4192 an
2835 4138 2917 4193 in·

630 4215 828 4269 iurias?
874 4216 943 4271 de
975 4233 1086 4288 quo
1119 4216 1394 4273 vocabulo
1426 4221 1706 4285 corrupto
1738 4215 1816 4287 cf.
1850 4218 1929 4271 ad
1956 4235 2005 4273 v.
2041 4216 2162 4274 388
2357 4213 2559 4295 otiosa]
2595 4219 2819 4276 hodiosa
2854 4220 2917 4292 C,

632 4298 733 4352 cita
765 4299 820 4352 F
1016 4300 1094 4357 96
1143 4302 1197 4355 F
1221 4298 1383 4355 habet
1412 4308 1538 4373 post
1571 4299 1648 4355 97
1851 4299 2161 4357 clientillam
2196 4300 2295 4359 PR
2466 4306 2776 4376 perveneris
2808 4306 2915 4362 PR

646 4381 807 4438 Vinc.
842 4385 911 4439 B.
955 4402 1039 4456 sp.
1083 4387 1138 4441 d.
1185 4384 1255 4457 5,
1290 4382 1354 4440 7:
1399 4385 1609 4440 veneris
1642 4383 1698 4437 F
1906 4385 1984 4442 97
2031 4386 2098 4442 M
2125 4385 2203 4441 24
2418 4396 2704 4445 contemno
2734 4390 2918 4448 PEC:

632 4473 980 4525 contemnere
1010 4470 1162 4543 RM,
1196 4488 1299 4526 om.
1339 4470 1393 4524 F
1587 4467 1666 4524 99
1712 4460 2059 4526 solitudinem
2091 4471 2316 4543 PREC,
2348 4472 2412 4528 M
2441 4471 2518 4528 27
2538 4493 2550 4529 :
2597 4473 2917 4532 sollicitudi-
