3209 5184
925 480 1236 526 PUBLILII
1279 480 1437 527 srm
1482 479 1942 526 SENTENTIAE.
2311 467 2334 492 ·
2491 464 2574 527 83

455 632 554 696 'In
596 630 785 696 malis
832 635 1096 719 sperare
1140 633 1306 697 bene
1349 633 1478 696 nisi
1522 635 1833 697 innocens
1857 626 2066 696 'nemo
2112 631 2297 697 solet.

459 734 540 797 In
584 733 983 799 vindicando
1029 735 1377 799 criminosa
1420 744 1519 798 est
1563 731 1882 798 celeritas,
2243 719 2262 734 ’

283 842 409 898 255
457 835 808 899 Inimicum
853 837 1152 922 quamvis
1197 835 1508 900 humilem
1554 835 1733 900 docti
1777 846 1878 900 est
1922 845 2254 928 m‘etuere:

456 935 537 999 In
582 937 955 1002 calamitoso
998 939 1171 1001 risus
1218 939 1417 1001 etiam
1458 938 1698 1000 iniuria
1743 947 1860 1002 est.
1927 974 1937 983 ·

456 1037 671 1101 Iudex
715 1039 1077 1120 damnatur,
1125 1061 1273 1102 cum
1313 1060 1553 1103 nocens
1598 1037 1982 1104 absolvitur.

456 1139 807 1225 Ignoscere
849 1141 1178 1205 hominum
1226 1150 1347 1223 est,
1392 1141 1509 1205 ubi
1552 1140 1759 1228 pudet
1803 1143 1908 1204 cui
1951 1142 2333 1226 ignoscitur.

459 1242 539 1305 In
581 1242 776 1306 rebus
822 1241 1040 1307 dubiis
1085 1241 1349 1330 plurimi
1395 1252 1493 1307 est
1534 1242 1828 1307 audacia.

286 1351 413 1408 260
458 1342 581 1407 1110
624 1365 865 1409 nocens
911 1367 980 1408 se
1024 1343 1310 1425 damnat,
1358 1366 1482 1430 quo
1526 1354 1753 1430 peccat
1797 1346 1925 1409 die.

457 1446 562 1509 Ita
606 1445 798 1509 crede
840 1446 1071 1526 amicO,
1117 1468 1200 1510 ne
1244 1446 1332 1509 sit
1375 1447 1642 1509 inimico
1687 1444 1890 1510 locus.

459 1546 672 1612 Iratus
721 1549 918 1612 etiam
962 1548 1218 1611 facinus
1264 1547 1609 1612 consilium
1654 1558 1863 1635 putat.

458 1649 721 1712 Invidia
765 1645 1053 1735 loquitur
1096 1649 1271 1736 quod
1314 1650 1560 1731 subest,
1605 1672 1737 1713 non
1780 1648 1955 1737 quod
1999 1650 2203 1713 videt.

457 1750 759 1837 'Inprobe
788 1751 1166 1837 Neptunum
1195 1760 1478 1832 accusat,
1525 1752 1638 1838 qui
1683 1754 1918 1815 iterum
1947 1752 2364 1835 naufragium
2395 1752 2575 1815 facit.

284 1861 407 1918 265
460 1852 773 1916 Iniuriam
817 1874 1004 1915 aures
1051 1874 1242 1938 quam
1288 1851 1458 1918 oculi
1504 1852 1761 1917 facilius
1807 1852 2047 1917 ferunt.

459 1954 638 2017 Iacet
683 1956 891 2017 omnis
937 1955 1169 2036 VirtuS,
1217 1955 1391 2018 fama
1435 1956 1565 2019 nisi
1607 1954 1739 2019 late
1781 1964 1983 2041 patet.

458 2057 639 2141 Ignis
686 2078 873 2119 suum
920 2054 1198 2121 calorem
1243 2043 1441 2121 etiam
1486 2059 1555 2121 in
1599 2057 1774 2120 ferro
1817 2066 2016 2120 tenet.

458 2157 536 2220 In
581 2157 837 2220 Venere
881 2180 1137 2245 semper
1181 2168 1389 2223 certat
1431 2158 1619 2223 dolor
1663 2168 1728 2222 et
1769 2157 2102 2242 gaudium.

460 2258 539 2321 In
582 2281 800 2323 amore
846 2259 1049 2325 forma
1091 2259 1241 2347 plus
1286 2258 1464 2324 valet
1508 2281 1703 2346 quam
1746 2260 2122 2323 auctoritas.

283 2369 412 2424 270
457 2359 728 2445 Ingrata
771 2370 921 2424 sunt
964 2361 1300 2444 beneficia,
1347 2364 1493 2447 quis
1538 2382 1752 2425 comes
1798 2370 1898 2425 est
1941 2369 2174 2425 metus.

457 2461 845 2548 Imprudens
890 2473 1137 2549 peccat,
1185 2485 1378 2549 quem
1421 2472 1570 2550 post
1613 2463 1772 2526 facti
1816 2465 2124 2549 paenitet.

458 2565 705 2627 Inertia
744 2562 1094 2647 indicatur,
1141 2586 1288 2630 cum
1330 2564 1582 2649 fugitur
1625 2564 1832 2628 labor.

288 2793 562 2835 comens
604 2794 655 2831 v.
688 2775 1062 2933 Ξ3ἃῖ263ι
1123 2777 1347 2833 PRBF
1385 2775 1611 2848 (Tne),
1673 2794 1723 2831 v.
1770 2774 1924 2833 264.-
1979 2777 2055 2846 T,
2113 2794 2163 2830 v.
2210 2775 2573 2833 265—291:

459 2979 579 3036 253
628 2980 729 3036 EC
894 2980 1031 3036 hene
1063 2997 1281 3054 sperare
1313 2980 1358 3036 C
1526 2977 1648 3036 254
1695 2979 2010 3035 vindicando
2032 2980 2202 3036 PRE
2238 2980 2393 3034 Vinc.
2421 2978 2569 3035 Bell.

282 3083 371 3137 sp.
407 3067 461 3120 d.
493 3067 566 3134 4,
601 3065 709 3122 93:
753 3064 1035 3120 iudicando
1069 3066 1251 3136 BFC,
1296 3069 1394 3121 cui
1426 3065 1592 3136 favel
1637 3084 1684 3121 v.
1718 3064 1798 3120 32
1971 3066 2256 3119 criminosa
2295 3079 2444 3117 mora
2488 3072 2573 3119 est

282 3151 386 3205 cel.
425 3150 469 3205 C
636 3149 756 3205 255
807 3148 877 3220 C,
939 3151 1094 3206 Vinc.
1136 3151 1282 3206 Bell.
1329 3166 1415 3221 sp.
1459 3152 1514 3206 d.
1555 3149 1630 3219 4,
1675 3149 1777 3207 27.
1817 3151 2072 3205 Phaedr.
2110 3149 2239 3221 fab.
2288 3149 2354 3219 1,
2388 3146 2500 3219 28,
2537 3147 2567 3203 1

282 3234 562 3302 ‘Quamvis
593 3233 850 3290 sublimes
882 3233 1079 3290 debent
1107 3235 1338 3290 humiles
1371 3234 1655 3289 metuere'.
1831 3234 1951 3290 256
1998 3235 2156 3289 etiam
2187 3234 2329 3289 risus
2364 3231 2410 3287 G

285 3320 408 3376 257
458 3318 562 3375 EG
615 3319 773 3375 Vinc.
818 3321 970 3375 Bell.
1016 3336 1103 3391 sp.
1149 3322 1205 3375 d.
1248 3319 1321 3388 4,
1369 3318 1480 3386 273
1527 3319 1611 3392 cf.
1653 3336 1703 3374 v.
1747 3318 1868 3375 614
2057 3321 2319 3374 innocens
2352 3318 2409 3372 Ε

283 3405 409 3461 258
456 3412 543 3460 est
572 3420 805 3460 erasum
832 3408 893 3460 in
923 3405 980 3459 B
1192 3403 1281 3459 ubi
1315 3405 1630 3460 Erasmus:
1674 3405 1775 3458 nisi
1803 3405 1853 3459 L
2065 3405 2153 3459 cui
2183 3422 2290 3459 om.
2324 3403 2381 3457 F

283 3489 409 3545 259
454 3488 673 3562 plurimi
705 3490 1019 3545 Erasmus,-
1062 3489 1289 3562 plurima
1318 3487 1419 3544 LC'
1583 3488 1712 3546 260
1753 3488 1828 3544 ilo
1858 3491 1912 3544 R
2067 3489 2328 3543 innocens
2362 3485 2408 3541 C

283 3574 434 3648 quod
465 3575 518 3629 P
694 3574 785 3629 diu
818 3575 870 3629 B
1052 3573 1172 3629 261
1220 3573 1380 3629 crede
1408 3574 1745 3630 PaRBEC:
1789 3573 1952 3629 credo
1985 3572 2090 3644 Pb,
2122 3571 2309 3627 credas
2339 3572 2396 3626 F

285 3666 343 3714 ut
377 3676 446 3715 ne
476 3660 664 3715 Bothe
862 3659 1019 3714 imico
1052 3658 1158 3729 Pb,
1191 3660 1359 3714 amico
1390 3659 1467 3729 B,
1500 3662 1606 3715 sed
1633 3675 1760 3729 sup.
1794 3674 1909 3714 scr.
1940 3676 2032 3730 pr.
2064 3675 2136 3712 m.
2170 3656 2385 3711 inimico

284 3744 408 3801 262
456 3742 560 3800 EC
602 3744 762 3801 Vino.
794 3744 949 3800 Bell.
992 3760 1081 3816 sp.
1125 3746 1182 3803 d.
1213 3742 1286 3814 4,
1321 3743 1440 3800 133
1627 3742 1748 3800 263
1794 3738 1830 3776 ‘¹‘
1857 3742 2092 3798 :invidia
2132 3740 2188 3796 id
2231 3740 2380 3814 quod
2420 3741 2565 3797 videt

282 3829 567 3902 loquitur,
608 3845 721 3884 non
765 3827 912 3901 quod
955 3826 1142 3884 subest
1171 3829 1255 3900 F,
1301 3830 1527 3884 totidem
1568 3830 1756 3885 verbis
1790 3827 1978 3898 PRB,
2022 3830 2134 3884 nisi
2171 3829 2326 3899 quod
2362 3830 2570 3883 omissa

282 3921 420 3970 sunt
462 3913 609 3986 quod
651 3912 813 3969 videt.
921 3914 1157 3969 Videtur
1194 3914 1479 3970 Publilius
1521 3915 1789 3970 invidiam
1829 3917 1910 3968 ila
1953 3915 2359 3984 interpretari,
2404 3915 2574 3984 quasi

278 4003 449 4070 prior
478 4000 747 4055 vocabuli
774 4002 1072 4069 compositi
1088 4015 1243 4069 pars
1268 4002 1344 4054 sit
1373 4000 1426 4053 in
1452 4001 1833 4069 privativum,
1875 4016 1987 4055 non
2012 4001 2388 4069 praepositio.

286 4083 411 4142 264
457 4084 676 4140 Gellius
719 4083 826 4153 17,
864 4080 974 4152 14,
1010 4085 1084 4146 Τ,·
1125 4086 1282 4140 deest
1304 4087 1382 4139 -in
1426 4082 1576 4138 LEO
1747 4082 1867 4139 266
1913 4088 2064 4156 patet
2102 4075 2437 4138 Palcitinus:
2477 4096 2569 4151 pa-

286 4176 397 4224 teat
424 4169 482 4222 F
679 4167 798 4223 267
844 4184 1003 4222 suum
1043 4186 1091 4223 c.
1139 4169 1300 4224 eliam
1332 4169 1578 4224 Gruter.-
1622 4169 1780 4223 etiam
1821 4185 1916 4222 s.c..
1945 4169 2004 4222 F
2197 4164 2317 4221 268
2362 4164 2568 4218 Venere

287 4255 532 4310 Gruter.-
576 4268 827 4307 venerem
858 4253 915 4306 F
1096 4252 1216 4309 269
1264 4270 1445 4308 amore
1479 4254 1725 4310 Gruter.-
1769 4268 2006 4307 amorem
2038 4253 2095 4306 F
2278 4248 2403 4304 270
2444 4248 2567 4319 quis

288 4340 533 4396 Gruter.-
578 4336 772 4410 quibus
812 4338 871 4392 Ε
1100 4336 1219 4394 271
1277 4344 1406 4411 post
1446 4339 1691 4394 Gruter.-
1736 4354 1843 4394 om.
1885 4337 1967 4398 F;
2009 4335 2092 4407 cf.
2137 4353 2187 4390 v.
2233 4333 2372 4389 196.
2421 4331 2563 4388 366.

288 4424 511 4481 Seneca
541 4425 740 4496 Ayam.
773 4421 897 4476 244
939 4421 1132 4489 ‘Quem
1161 4424 1400 4495 paenitet
1430 4439 1716 4496 peccasse,
1758 4437 1926 4494 paene
1966 4428 2052 4476 est
2089 4419 2395 4474 innocens'·

287 4508 406 4565 272
450 4504 486 4542 *
518 4507 788 4565 indicatur
818 4527 832 4561 ε
863 4524 984 4563 cum
1014 4506 1283 4564 indicatur
1312 4508 1369 4563 F
1379 4552 1396 4580 ‚
1430 4516 1544 4563 tum
1573 4507 1839 4563 indicatur
1871 4505 2085 4576 Bothe,
2118 4503 2387 4559 iudicatur
2419 4505 2567 4559 Gru·

2082 4600 2158 4653 5*
