3209 5184
1171 453 1719 503 PROLEGOMENA.
2220 414 2225 420 ⁵
2507 435 2588 498 37

470 605 745 671 Saeculo
789 606 1154 690 undecimo,
1201 609 1312 695 qui
1358 608 1825 671 sententiarum
1871 603 2194 692 epitomen
2224 604 2589 667 Parisinam

293 708 427 793 (E)
476 709 850 795 descripsit,
897 711 966 774 in
1008 709 1136 774 fine
1181 710 1521 777 subiunxit
1562 709 1755 772 haec:

511 852 682 909 Idem
724 852 859 910 velle
878 842 954 910 'et
994 819 1147 910 idem
1188 854 1336 912 nolle
1379 870 1447 911 ea
1489 853 1721 910 demum
1759 852 1939 921 firma
1981 850 2243 908 amicitia
2287 853 2384 906 est.

510 951 656 1011 Non
697 956 974 1012 exercitus
1016 972 1198 1026 neque
1239 955 1496 1012 thesauri
1526 952 1833 1025 praesidia
1876 952 2044 1025 reyni
2085 955 2240 1010 sunt.
2345 1012 2352 1015 ,

289 1079 471 1144 haud
505 1081 721 1161 ‚dubie
764 1104 848 1146 ex
893 1081 1187 1147 Sallustii
1229 1081 1513 1147 Catilina
1540 1082 1627 1146 2Ο
1672 1090 1736 1144 et
1780 1080 1824 1145 J
1825 1078 2110 1164 ugurtha
2144 1080 2243 1161 10,
2289 1100 2408 1142 nec
2452 1101 2583 1141 ma-

288 1185 394 1268 gis
462 1182 772 1264 dubium,
838 1185 998 1270 quin
1039 1185 1251 1271 prima
1293 1205 1485 1247 manu
1531 1183 1616 1247 ab
1660 1185 1802 1270 ipso
1847 1181 2115 1245 librario
2158 1180 2386 1245 addita
2429 1180 2583 1261 sint,

289 1307 446 1349 cum
490 1285 667 1348 idem
710 1283 822 1348 ille
867 1284 1078 1351 codex
1122 1286 1453 1350 contineat
1496 1283 1790 1350 Sallustii
1835 1282 2185 1348 Catilinam
2230 1291 2295 1346 et
2339 1282 2382 1346 J
2386 1304 2582 1366 ugur-

286 1387 495 1450 tham.
588 1385 934 1473 Sequentis
981 1386 1254 1470 saeculi,
1313 1386 1715 1470 duodecimi,
1761 1394 1997 1450 testem
2039 1384 2364 1472 proferam
2408 1382 2582 1447 codi-

286 1511 436 1552 cem
482 1487 903 1570 Beruensem,
949 1491 1020 1552 in
1051 1511 1177 1575 quo
1207 1490 1335 1552 iam
1366 1488 1562 1553 latius
1594 1489 1831 1574 serpsit
1860 1485 2134 1550 malum:
2181 1485 2380 1550 habet
2412 1487 2586 1548 enim

283 1612 424 1654 non
468 1588 677 1654 solum
724 1589 889 1655 duas
934 1593 1289 1655 sententias
1337 1591 1550 1656 codici
1580 1588 1953 1670 Basiliensi,
1998 1596 2070 1651 ut
2113 1585 2305 1651 modo
2335 1587 2582 1651 monui-

285 1715 458 1773 muS,
503 1692 896 1778 adscriptas,
950 1692 1067 1756 sed
1110 1704 1263 1757 ante
1306 1714 1372 1755 v.
1423 1692 1572 1757 159:

371 1833 833 1892 Etcusationem
876 1837 1090 1893 uitium
1134 1853 1433 1907 quaerere,
1477 1835 1577 1893 secl
1620 1835 1884 1906 delinque
1927 1834 2127 1891 omnia
2170 1832 2249 1889 acl
2291 1833 2478 1891 deum.

372 1934 718 1994 Hemosina
762 1954 883 1993 non
924 1941 1047 1994 tam
1089 1937 1500 2009 accipientibus
1530 1937 1767 2009 prodest
1810 1954 1987 2008 quam
2030 1934 2325 2002 dantibus,

371 2042 427 2094 et
468 2055 600 2109 spes
632 2039 890 2109 praemii
928 2038 1203 2097 solatium
1241 2040 1310 2109 fit
1353 2038 1585 2104 laboris,

284 2165 487 2229 ducta
533 2187 618 2228 ex
645 2165 1139 2230 Pseudoseneca
1182 2165 1265 2230 de
1309 2167 1594 2231 moribus
1638 2171 1678 2247 ἓ
1707 2166 1810 2230 80.
1842 2164 1946 2229 55.
1978 2164 2094 2247 563
2139 2172 2293 2226 ante
2324 2185 2390 2226 v.
2427 2163 2578 2227 178:

458 2267 669 2332 Facta
728 2268 1014 2351 (emend.
1071 2268 1294 2354 Ficta)
1365 2271 1480 2332 ce'to
1538 2271 1628 2332 ad
1678 2272 1982 2331 naturam
2035 2287 2220 2329 suam
2275 2268 2577 2344 recidunt,

282 2370 638 2456 desumpta
682 2393 768 2432 ex
812 2369 1061 2434 Seneca
1105 2369 1187 2432 de
1232 2368 1416 2433 clem.
1472 2371 1534 2451 l,
1587 2373 1653 2452 L,
1700 2370 1771 2451 63
1819 2375 1968 2455 post
2012 2388 2076 2428 V.
2122 2366 2244 2429 221
2293 2366 2579 2431 Pseudo-

282 2493 427 2534 sen.
459 2471 544 2534 de
589 2494 751 2535 mor.
783 2471 888 2554 48,
936 2472 1217 2557 denique
1261 2482 1409 2557 post
1452 2494 1513 2538 v,
1545 2470 1672 2535 252
1702 2469 2102 2534 Pseudosen.
2149 2468 2232 2531 de
2275 2491 2436 2533 mor.
2472 2470 2575 2534 68.

184 2633 195 2640 .
279 2573 388 2636 69.
440 2573 542 2636 72.
590 2573 694 2636 72.
740 2573 843 2636 62.
890 2575 993 2637 63.
1040 2574 1143 2638 64.

459 2673 679 2753 Quam
742 2674 1152 2762 interpolatis
1219 2674 1551 2738 codicibus
1618 2695 1772 2737 usus
1846 2673 1934 2737 sit
2000 2669 2257 2736 saeculo
2324 2671 2577 2737 decimo

280 2777 482 2839 tertio
514 2776 860 2840 Vicentius
891 2776 1398 2858 BellovacensiS,
1447 2797 1531 2839 ex
1574 2773 1836 2862 speculo
1882 2773 2231 2840 doctrinali
2275 2773 2428 2838 licet
2472 2796 2575 2839 co-

278 2899 622 2960 gnoscere.
710 2878 1024 2961 Legimus
1073 2878 1243 2947 enim
1290 2898 1459 2963 spec.
1507 2875 1572 2939 d.
1618 2877 1680 2958 5,
1716 2877 1799 2940 43
1845 2876 2016 2939 inter
2065 2874 2413 2962 proverbia
2458 2877 2573 2940 Sa—

278 2980 581 3064 pientum
628 2978 746 3065 (cf.
792 3002 991 3066 supra
1033 3003 1143 3066 pg.
1188 2980 1269 3043 21
1317 2980 1514 3062 extr.)

911 3119 1271 3181 Consuetudo
1316 3126 1396 3180 est
1438 3121 1622 3179 altera
1663 3125 1900 3188 natura,

277 3273 451 3336 quae
482 3250 692 3315 verba
721 3272 843 3314 nec
872 3252 1201 3316 senarium
1229 3248 1521 3338 implent,
1567 3271 1688 3312 nec
1717 3247 1990 3313 Publilii
2019 3259 2192 3333 sunt,
2240 3250 2356 3313 sed
2388 3249 2573 3314 Cice-

275 3354 461 3417 ronis
508 3354 595 3415 de
638 3352 752 3415 fin.
783 3352 846 3434 5,
876 3353 976 3417 25.
1063 3351 1252 3416 Idem
1287 3352 1532 3416 erravit
1562 3351 1787 3415 codice
1819 3352 2129 3438 deceptus
2159 3374 2333 3439 spec.
2365 3352 2573 3416 doctr.

272 3439 342 3535 ‘4,
384 3454 536 3518 165:
585 3453 698 3516 Ex
726 3476 907 3535 prov.
940 3455 1096 3535 Sap.
1131 3455 1338 3518 Tenue
1379 3455 1777 3518 mendacium
1813 3455 2103 3534 perlucet,
2147 3457 2206 3518 si
2245 3456 2575 3536 diliyenter

274 3558 650 3638 inspeoeeriS,
699 3565 764 3618 et
807 3577 978 3641 spec.
1027 3555 1235 3623 doctr.
1280 3557 1343 3637 4,
1389 3555 1504 3619 56:
1552 3554 1662 3618 Ex
1693 3576 1874 3636 prov.
1920 3554 2073 3636 Sap.
2122 3555 2311 3620 Intus
2355 3558 2575 3620 omnia

274 3659 625 3722 dissimilia
668 3660 815 3735 sint,
856 3658 1039 3737 frons
1071 3658 1307 3739 populo
1350 3662 1561 3721 nostro
1605 3658 1949 3735 conveniat,
1989 3657 2255 3741 ignarus
2287 3656 2573 3722 Senecae

276 3758 395 3822 illa
439 3780 619 3840 esse,
670 3758 860 3844 epist:
908 3758 1024 3841 79,
1076 3759 1152 3822 18
1199 3767 1262 3822 et
1304 3759 1378 3840 5,
1424 3758 1495 3841 2,
1544 3758 1722 3843 quod
1765 3767 1918 3822 ante
1975 3780 2122 3821 eum
2165 3760 2295 3822 iam
2342 3760 2573 3825 Ioanni

273 3860 772 3924 Saresberiensi
796 3860 1142 3924 'acciderat
1184 3861 1373 3945 epist.
1419 3858 1549 3923 vol.
1594 3858 1687 3922 II.
1733 3882 1843 3945 pg.
1874 3860 1998 3925 257
2046 3860 2352 3926 editionis
2400 3863 2572 3928 Oxo-

271 3963 561 4026 niensis.
609 3963 796 4026 iuxta
822 3961 1145 4043 Sapientis
1173 3964 1439 4026 edictum
1470 3961 1732 4044 (dictum
1743 3961 1827 4045 ἓ),
1860 3962 2076 4027 Frons
2093 3966 2328 4045 populo
2359 3970 2568 4030 nostro

271 4066 625 4140 conveniat,
672 4065 849 4127 intus
890 4065 1109 4126 omnia
1151 4063 1488 4126 dissimilia
1528 4064 1672 4126 sint.

448 4163 637 4227 Haec
682 4162 1016 4227 sufficiant
1060 4162 1143 4226 de
1185 4163 1390 4226 initiis
1436 4162 1975 4250 interpolationis.
2052 4126 2323 4230 Saeculo
2353 4176 2569 4231 autem

268 4265 534 4330 decimo
582 4273 817 4351 quarto
862 4286 1003 4327 eam
1046 4287 1177 4328 non
1221 4274 1354 4327 tam
1398 4266 1596 4329 arctis
1642 4264 1883 4329 finibus
1929 4288 2000 4329 se
2045 4269 2445 4331 continuisse
2473 4269 2570 4331 fa·

266 4365 400 4430 cile
431 4364 823 4452 explicatur.
911 4366 1315 4430 Excitabat
1297 4389 1442 4452 lpsa
1470 4367 1937 4433 sententiarum
1967 4368 2305 4455 inscriptio
2348 4369 2570 4436 ‘Sene-

269 4489 394 4533 cae
439 4468 823 4556 proverbia'
870 4466 1190 4552 librariOS,
1236 4478 1310 4534 ut
1353 4491 1438 4535 ex
1482 4469 1770 4536 Senecae
1813 4468 2003 4537 libris
2048 4470 2179 4537 alia
2220 4471 2570 4565 adderent5
