3209 5184
885 468 1197 515 PUBLILII
1243 470 1399 518 SYRI
1445 470 1902 519 SENTENTIAE.
2449 460 2529 523 97

411 620 710 701 Plerique
739 641 879 686 cum
907 622 1116 685 stultis
1158 623 1553 701 maledicunt,
1587 625 1716 706 ipsi
1741 626 1866 689 sibi
1894 628 2238 690 convicium
2262 627 2526 708 faciunt.

200 797 217 810 η
412 721 721 804 Perturpe
765 707 852 786 esi
893 724 1081 800 enim,
1129 724 1296 803 quod
1336 725 1603 788 obicitur
1643 726 1716 788 in
1760 727 2050 792 obiciente
2094 731 2387 810 coquosci.

278 831 358 886 55
413 823 925 888 Pulcherrimum
968 829 1055 888 cst
1099 827 1314 889 omnia
1347 831 1682 907 praestare
1723 828 1888 892 nihil
1930 832 2283 912 ccciyentem.

410 924 821 1006 Principium
851 927 1201 989 discordiae
1230 931 1333 1004 est,
1366 927 1619 1008 aliquid
1645 948 1720 991 eat
1750 933 2064 994 commmii
2090 951 2278 995 suum
2303 932 2526 1013 facere.

410 1025 710 1107 Plerique
749 1027 794 1106 s
782 1047 1019 1105 amam,
1065 1029 1504 1093 conscientiam
1535 1030 1738 1111 pauci
1778 1036 2086 1096 verentur.

238 1135 361 1192 450
407 1127 661 1191 Probus
706 1125 979 1191 libertus
1026 1129 1167 1191 sine
1210 1138 1442 1201 natura
1488 1139 1588 1193 est
1631 1129 1824 1195 filius.

408 1228 729 1296 Prodesse
774 1229 886 1315 qui
930 1228 1074 1293 vult
1117 1251 1237 1292 nec
1281 1239 1520 1315 potest,
1565 1253 1771 1318 aeque
1818 1243 1916 1297 est
1959 1235 2177 1297 miser.

406 1328 661 1394 Periela
704 1331 972 1394 timidus
1021 1332 1217 1395 etiam
1262 1354 1430 1418 quae
1475 1356 1605 1397 non
1651 1343 1802 1399 sunt
1847 1335 2051 1400 videt.

405 1431 628 1496 Pudor
671 1432 894 1496 doceri
937 1455 1067 1495 non
1110 1443 1346 1519 potest,
1393 1438 1577 1499 nasci
1620 1447 1858 1522 potest.

407 1534 565 1597 Plus
613 1543 711 1597 est
756 1555 951 1619 quam
995 1555 1206 1620 poena
1250 1536 1392 1598 sine
1436 1558 1508 1599 re
1550 1539 1861 1603 miserum
1905 1531 2154 1603 rivere.

238 1644 358 1700 455
406 1621 735 1700 Pudorem
779 1633 1062 1717 alienum
1110 1637 1221 1722 qui
1267 1638 1482 1724 eripit,
1529 1639 1748 1723 perdit
1793 1661 2000 1703 suum.

410 1737 742 1801 Patientia
783 1737 984 1801 animi
1030 1736 1313 1802 occultas
1360 1739 1631 1803 divitias
1677 1739 1895 1805 habet.

410 1839 644 1902 Peiora
687 1839 888 1905 multo
920 1840 1166 1924 cogitat
1208 1850 1425 1905 mutus
1471 1840 1675 1906 dolor.

410 1941 699 2005 Pecunia
740 1963 871 2004 una
915 1942 1208 2027 regimen
1253 1951 1351 2006 est
1393 1965 1610 2007 rerum
1655 1946 1963 2008 omnium.

410 2041 634 2108 Pudor
677 2041 988 2108 dimissus
1035 2065 1385 2129 numquam
1430 2045 1602 2108 redit
1648 2046 1716 2108 in
1759 2048 2058 2130 gratiam.

241 2150 365 2209 460
409 2144 740 2208 Perdendi
783 2145 979 2209 finem
1024 2147 1210 2210 nemo
1254 2147 1386 2209 nisi
1430 2156 1684 2230 egestas
1729 2148 1908 2211 facit.

407 2245 627 2309 Poena
668 2246 753 2308 ad
798 2244 1039 2310 malum
1084 2246 1426 2331 serpendo,
1474 2270 1623 2312 cum
1665 2259 1990 2339 properat,
2038 2253 2240 2315 venit.

244 2507 510 2550 CODICES
553 2491 808 2548 Proverb.
841 2492 1007 2549 PRF
1032 2492 1194 2566 (EC),
1225 2487 1309 2564 ιὰ,
1362 2525 1402 2548 v.
1434 2493 1798 2552 450—500:
1845 2495 1904 2550 F
1926 2494 2021 2568 (T)

244 2646 399 2702 quam
428 2629 736 2684 innocentia
767 2629 877 2700 Pa,
909 2630 1247 2685 innocentiae
1277 2629 1344 2685 M
1372 2629 1451 2685 94
1666 2625 1845 2685 locum
1876 2637 2026 2685 tenet
2058 2632 2115 2687 F
2155 2632 2310 2688 Vino.

244 2714 522 2769 conversio
554 2714 608 2769 R
822 2713 900 2770 53
947 2709 1220 2789 plerique]
1254 2713 1410 2769 multi
1438 2715 1505 2771 M
1534 2714 1654 2770 115
1875 2712 2086 2790 stultis]
2121 2716 2237 2772 aliis
2267 2717 2337 2773 M

242 2800 343 2871 ipsi
374 2798 539 2854 PRF
581 2799 741 2870 Vino.
776 2815 862 2870 sp.
897 2801 1084 2855 doctr.
1118 2797 1155 2854 4
1176 2842 1193 2870 ,
1230 2798 1346 2855 172
1367 2824 1381 2852 .·
1425 2799 1555 2872 ipsis
1586 2799 1681 2870 M,
1714 2818 1820 2856 om.
1859 2798 1904 2855 C
2092 2802 2323 2857 convitia
2371 2802 2527 2860 Vine.

410 2882 490 2939 54
534 2879 825 2958 perturpe]
858 2883 987 2939 nihil
1022 2885 1231 2957 turpius
1263 2899 1420 2957 quam
1452 2884 1516 2939 M
1549 2884 1669 2941 116
1856 2886 1910 2940 in
1942 2883 2203 2941 abiciente
2234 2887 2307 2957 E,
2337 2886 2525 2954 inobe-

247 2968 453 3022 dienter
482 2968 570 3038 R,
613 2966 1005 3024 inobedientiae
1051 2966 1212 3024 Vinc.
1407 2966 1485 3025 55
1551 2970 1705 3025 Vino.
1743 2970 1814 3023 B.
1847 2985 1933 3039 sp.
1965 2971 2019 3024 d.
2053 2968 2113 3040 4,
2145 2969 2228 3027 50
2420 2974 2529 3027 exi·

248 3053 391 3125 genti
437 3052 677 3128 Godofr.
865 3053 944 3110 56
1006 3052 1169 3109 Vinc.
1213 3053 1284 3108 B.
1327 3069 1414 3123 sp.
1457 3055 1512 3108 d.
1544 3052 1619 3125 4,
1657 3053 1793 3110 135.
1829 3052 1982 3124 144,
2026 3061 2111 3109 est
2150 3056 2243 3128 qui
2285 3071 2331 3109 a.
2374 3072 2437 3110 ex
2481 3073 2527 3111 c.

248 3153 397 3191 suum
425 3135 553 3192 facit
581 3139 861 3210 proprium
892 3138 949 3193 Ε
1116 3137 1194 3193 57
1243 3155 1349 3193 om.
1383 3138 1466 3200 F,·
1510 3146 1596 3193 est
1630 3135 1800 3193 Plinii
1828 3141 1990 3209 epist.
2027 3138 2096 3209 3,
2130 3137 2231 3211 20,
2265 3139 2302 3196 8
2346 3138 2527 3196 ‘Multi

144 3243 153 3248 ·
252 3221 287 3276 f.
318 3239 362 3277 e.
390 3239 446 3295 p.
481 3222 552 3275 v.'
588 3221 676 3293 Cf.
710 3221 877 3278 Caco.
913 3225 1081 3279 Balb.
1113 3223 1254 3278 Par.
1290 3220 1392 3292 65,
1413 3239 1514 3295 pq.
1547 3221 1628 3276 42
1812 3222 1937 3279 450
1981 3224 2098 3278 sine
2126 3223 2365 3297 Inyolst.
2399 3226 2445 3280 si
2475 3227 2533 3282 F

409 3306 529 3362 451
579 3315 663 3361 est
704 3307 941 3380 Inqotst.
990 3326 1092 3364 om.
1125 3307 1197 3379 F,
1243 3309 1412 3362 aliter
1452 3308 1717 3363 distinxit
1747 3309 1934 3365 Bothe
1977 3324 2077 3363 nec
2114 3316 2301 3381 potest
2336 3326 2527 3382 aeque,

252 3397 330 3445 est
356 3393 516 3446 miser
713 3390 836 3446 452
882 3392 1080 3466 pericla
1112 3393 1445 3448 Bentleius:
1489 3391 1727 3464 pericula
1757 3393 1815 3448 F
2007 3390 2131 3449 454
2176 3409 2235 3448 re
2264 3394 2524 3467 Inqolst..·

253 3492 356 3530 rem
385 3477 442 3532 F
450 3500 470 3539 ‚-
513 3493 592 3532 an
622 3476 756 3549 spe?
913 3477 1036 3533 455
1086 3476 1174 3549 Cf.
1207 3495 1254 3533 v.
1289 3475 1410 3533 576
1569 3476 1691 3534 456
1743 3477 1979 3533 occultas
2011 3476 2219 3532 divitias
2252 3496 2287 3532 a
2322 3478 2526 3535 Botlzio

254 3577 323 3615 esc
354 3564 497 3618 coni.
528 3564 853 3617 restitutum
880 3565 1154 3634 firmatur
1183 3563 1380 3617 codice
1409 3562 1497 3616 F.-
1539 3561 1647 3617 div.
1681 3578 1795 3617 occ.
1829 3564 1991 3634 vulyo
2184 3559 2305 3618 457
2354 3564 2526 3619 multo

261 3645 671 3704 Tzschuclcius:
701 3646 868 3701 multa
893 3648 966 3719 F,
996 3653 1191 3720 arguto
1215 3647 1504 3718 Halmius,
1537 3646 1765 3720 querulo
1796 3646 2112 3715 Bentleiusz,
2144 3644 2322 3702 ultore
2350 3648 2525 3704 Anto-

253 3735 389 3802 nius,
423 3729 582 3784 uultu
613 3729 784 3802 Casp.
822 3730 1016 3800 Orelli,
1048 3729 1372 3804 multiloquo
1404 3734 1572 3806 agitat
1603 3732 1816 3788 Zeltius
1929 3729 2050 3786 458
2100 3729 2188 3803 Cf.
2215 3732 2528 3804 Euripides

254 3809 457 3887 χρυσὸς
476 3803 591 3888 γὰρ
611 3808 787 3886 ἐστιν,
814 3802 880 3883 ὃς
903 3812 1139 3887 βροτῶν
1164 3810 1278 3888 ἔχει
1302 3810 1509 3888 κράτη.
1630 3811 1735 3871 una
1759 3817 2001 3872 Gruter.-
2033 3833 2134 3872 om.
2164 3817 2222 3872 F
2229 3841 2248 3881 ;
2279 3835 2356 3874 an
2381 3834 2525 3873 sum-

256 3902 423 3955 mum?
456 3901 658 3955 unum?
830 3909 914 3956 est
945 3903 1132 3975 regina
1160 3901 1395 3974 Inqotst.
1552 3918 1734 3956 rerum
1766 3909 1851 3956 est
1882 3901 2095 3957 Gruter
2263 3900 2385 3959 459
2435 3902 2524 3976 Cf.

255 3984 373 4040 Sen.
405 3987 604 4057 Ayam3
644 3985 761 4042 113
795 3984 1033 4041 ‘Periere
1065 4002 1244 4041 mores
1276 3988 1359 4041 ius
1390 3986 1555 4042 decus
1586 3987 1758 4058 pietas
1792 3984 1922 4055 fides
1952 3984 2018 4041 Et
2049 3988 2140 4059 qui
2169 3985 2373 4058 redire,
2405 4003 2523 4042 cum

252 4072 400 4141 perit,
433 4072 607 4125 nescit
638 4069 861 4143 pudor?
1030 4070 1158 4128 460
1202 4079 1422 4145 egestus
1447 4075 1755 4142 proposuit
1786 4072 2001 4126 Gruter
2013 4095 2030 4132 ,·
2060 4070 2141 4142 cf.
2191 4071 2351 4143 Verq.
2383 4073 2523 4125 Aen.

253 4154 314 4225 6,
345 4154 488 4212 276.
535 4154 636 4211 Sil.
668 4155 801 4214 Ital.
848 4155 962 4227 13,
996 4155 1117 4213 585
1319 4155 1436 4212 461
1488 4154 1757 4229 serpendo
1804 4158 2115 4227 proposuit
2153 4154 2368 4209 Bothe.-
2412 4170 2525 4209 ser·

248 4241 420 4311 pentia
451 4239 522 4310 F,
554 4256 777 4313 serpens
807 4241 1052 4314 Inyolst.
1225 4235 1260 4273 ’¹‘
1292 4257 1412 4296 cum
1442 4250 1730 4314 properat:
1774 4257 1896 4295 cum
1924 4245 2170 4313 proterat
2199 4238 2271 4308 F,
2303 4245 2364 4292 ut
2392 4254 2521 4311 pro·

249 4331 382 4378 terat
422 4328 633 4397 vutyob
662 4326 903 4399 serpenti
947 4326 1230 4399 accipiter,
1290 4325 1506 4381 advenit
1544 4329 1582 4381 i.
1628 4340 1677 4379 e.
1727 4327 1878 4381 vetut
1916 4340 1963 4379 s.
2007 4341 2062 4379 α.
2113 4323 2175 4378 G.
2222 4319 2521 4378 Christius.

250 4398 540 4466 Senteritia
575 4416 690 4465 est.-
730 4425 919 4482 poena
948 4414 1291 4483 plerumque
1320 4412 1513 4466 scetus
1542 4427 1658 4466 non
1688 4412 1877 4465 statim
1909 4412 2195 4480 sequitur,
2230 4409 2336 4464 sed
2360 4413 2410 4464 si
2438 4410 2526 4464 vel

245 4510 498 4567 propere
540 4498 723 4566 venit,
767 4496 988 4566 obrepit
1015 4496 1288 4566 improbo.
1380 4494 1468 4567 Cf.
1499 4495 1649 4551 Hor.
1681 4511 1859 4549 carm.
1894 4493 1965 4563 3,
1999 4492 2062 4563 2,
2095 4492 2193 4550 31.
2232 4492 2436 4552 Tibull.
2472 4494 2527 4565 1,

340 4599 595 4637 Putamus
622 4598 784 4639 Snus.
2087 4592 2116 4641 7
