3209 5184
649 466 770 530 142
1550 482 1645 529 DE
1691 481 2021 530 momnus.

685 641 785 700 68.
833 634 1189 700 Inhonesta
1232 634 1510 699 victoria
1555 644 1656 701 est
1701 654 1853 699 suos
1898 634 2183 697 vincere.

686 743 787 801 69.
835 734 1010 801 Satis
1058 744 1157 802 est
1203 757 1559 825 poenarum
1602 735 1897 823 potuisse
1941 734 2178 823 puniri.

686 844 784 903 70.
836 844 933 900 71.
981 836 1370 903 Inimicitias
1415 837 1604 903 tarde
1650 838 1929 925 suscipe,
1975 835 2317 903 moderate·
2354 840 2607 922 exerce,
2652 836 2950 904 fideliter

835 937 1109 1026 depone.

686 1046 784 1104 72.
833 1047 929 1105 73.
976 1040 1203 1126 Imago
1248 1041 1452 1106 animi
1497 1061 1708 1105 sermo
1755 1048 1885 1106 est:
1934 1039 2145 1127 qualis
2191 1041 2351 1124 vita,
2400 1039 2550 1106 talis
2596 1042 2823 1108 oratio.

685 1147 784 1207 74.
828 1142 1071 1227 Magna
1112 1161 1217 1207 res
1266 1152 1360 1207 est
1403 1143 1585 1207 vocis
1633 1151 1697 1207 et
1743 1141 1991 1208 silentii
2034 1151 2638 1229 temperamentum.

692 1249 791 1308 75.
839 1243 971 1324 Qui
1016 1264 1222 1330 aequo
1268 1244 1486 1309 animo
1531 1241 1720 1307 malis
1766 1242 2190 1324 immiscetur,
2236 1242 2445 1309 malus
2493 1253 2608 1311 est.

687 1353 782 1410 76.
830 1344 1173 1410 Neminem
1241 1346 1371 1411 cito
1434 1344 1841 1427 laudaveris,
1909 1345 2235 1409 neminem
2300 1346 2430 1412 cito
2487 1347 2946 1413 accusaveris:

839 1468 1094 1535 semper
1137 1455 1297 1535 puta
1339 1456 1406 1512 te
1450 1469 1668 1512 coram
1714 1445 1842 1511 diis
1888 1447 2335 1512 testimonium
2380 1447 2619 1513 dicere.

688 1555 783 1614 77.
829 1549 1086 1614 Vitium
1134 1558 1233 1614 est
1278 1551 1494 1615 omnia
1539 1547 1825 1632 credere,
1873 1549 2110 1613 vitium
2156 1559 2255 1614 est
2298 1548 2464 1614 nihil
2509 1549 2795 1616 credere.

687 1658 785 1715 78.
834 1649 1172 1715 Utendum
1219 1659 1319 1716 est
1354 1646 1641 1733 divitiis,
1673 1672 1820 1716 -non
1862 1650 2285 1715 abutendum.

685 1758 812 1818 78⁵.
837 1751 948 1818 Sic
993 1752 1168 1835 vive,
1216 1761 1290 1818 ut
1332 1774 1453 1817 nec
1498 1774 1537 1816 a
1567 1752 2016 1839 superioribus
2059 1754 2520 1836 contemnaris,
2562 1773 2685 1819 nec
2713 1752 2797 1818 ab
2828 1753 2938 1818 in-
3003 1747 3012 1754 ’

837 1852 1189 1919 ferioribus
1234 1853 1547 1918 timearis.

690 1962 787 2020 79.
838 1952 1107 2020 Nullum
1151 1957 1489 2043 putaveris
1535 1954 1755 2022 locum'
1793 1956 1933 2021 sine
1977 1964 2163 2022 teste.

686 2063 784 2122 80.
831 2055 1347 2123 Excusationem
1403 2058 1586 2124 vitiis
1645 2058 1781 2123 suis
1834 2078 2144 2145 quaerere
2189 2066 2287 2122 est
2332 2059 2549 2123 omnia
2594 2057 2715 2126 deo
2760 2058 2945 2124 dele-

831 2180 1011 2244 gare.

686 2267 818 2325 808.
837 2260 1080 2325 Datam
1137 2261 1343 2327 vitam
1400 2262 1978 2348 quotienscumque
2023 2260 2433 2327 dubitaveris
2449 2312 2467 2345 ,
2527 2283 2613 2326 an
2668 2262 2755 2328 sit
2812 2263 2944 2327 eri-

832 2361 1096 2449 pienda,
1144 2366 1256 2447 **,
1304 2364 1606 2450 quoniam
1639 2361 1795 2428 data
1842 2362 2007 2450 eripi
2048 2371 2288 2450 potest,
2336 2357 2558 2451 erepta
2585 2363 2778 2429 reddi
2806 2385 2946 2429 non

834 2472 1072 2551 potest.

635 2718 899 2800 μέμνησο
930 2720 1032 2782 καὶ
1064 2714 1205 2795 δοὺς
1235 2716 1547 2785 ἐπιλάθου.
1697 2726 1775 2784 68
1823 2726 2099 2784 inhonesti
2128 2729 2359 2785 codices
2513 2728 2610 2786 70.
2661 2728 2735 2784 71
2788 2728 2941 2787 Sen-

640 2815 873 2869 tentiam
918 2815 1272 2870 restituimus
1312 2813 1391 2869 ad
1425 2815 1598 2884 fidem
1644 2813 1859 2870 codicis
1898 2813 1979 2876 P‚·
2028 2813 2107 2885 G,
2154 2812 2198 2869 S
2239 2819 2294 2869 et
2339 2815 2588 2871 editores
2628 2812 2940 2871 Inimicitias

640 2896 800 2954 tarde
830 2898 1066 2971 suscipe,
1097 2898 1351 2954 amicitias
1383 2897 1662 2954 moderate
1693 2912 1902 2953 exerce.
1994 2896 2267 2953 vanitates
2298 2897 2545 2953 similiter
2574 2897 2805 2972 depone.

642 2980 742 3037 72.
794 2982 894 3041 73.
939 2983 1191 3041 Plenius
1218 2984 1344 3041 cod.
1387 2982 1469 3048 P,·
1511 2982 1897 3057 Imago'animi
1950 2997 2127 3038 sermo
2175 2990 2291 3054 est,
2348 2981 2491 3038 unde
2531 2981 2623 3039 illa
2664 2980 2941 3040 Socratica

641 3082 765 3138 vox,
801 3066 972 3141 qualis
1006 3069 1212 3141 orati0,
1246 3068 1364 3126 talis
1396 3075 1452 3124 et
1481 3068 1604 3123 vita.
1701 3067 1835 3124 Seu.
1869 3070 2035 3139 epist.
2072 3065 2224 3139 114,
2263 3067 2294 3123 1
2328 3066 2500 3141 ‘quod
2530 3065 2669 3141 apud
2701 3066 2940 3128 Graecos

636 3151 693 3206 in
722 3149 1067 3225 proverbium
1100 3154 1295 3225 cessit,
1344 3151 1464 3208 talis
1495 3150 1807 3207 hominibus
1839 3151 1943 3207 fuit
1973 3152 2181 3223 oratio,
2213 3152 2386 3226 qualis
2416 3152 2568 3207 vita’.
2629 3155 2793 3224 epist.
2830 3152 2939 3227 75,

637 3232 677 3290 4
718 3234 1049 3292 ‘Concordet
1091 3252 1270 3293 sermo
1311 3253 1433 3293 cum
1473 3237 1628 3292 vita’.
1658 3251 1764 3329 ep.
1800 3235 1914 3310 20,
1949 3235 1984 3291 2
2034 3233 2176 3292 ‘Non
2209 3237 2441 3293 orationi
2473 3237 2578 3294 vita
2607 3235 2940 3294 dissentiat'.

535 3357 545 3364 -
640 3319 834 3378 Schol.
867 3321 1138 3416 Her-moy.
1182 3320 1235 3378 V
1258 3320 1380 3378 534
1427 3322 1614 3379 Walz.
1645 3305 1678 3376 ὁ
1710 3280 2035 3396 Σωκράτης
2065 3314 2267 3377 εἰώθει
2297 3315 2521 3396 λέγειν,
2564 3307 2745 3388 otog‘
2718 3337 2751 3376 ο
2780 3318 2938 3397 βίος,

633 3401 901 3473 τοιοῦτος
931 3389 964 3460 ὅ
996 3397 1186 3479 λόγος.
1244 3405 1359 3463 Cic.
1397 3406 1568 3462 Tusc.
1605 3405 1665 3478 5,
1703 3405 1800 3478 16,
1832 3405 1935 3477 47,
1970 3406 2144 3464 Solon
2176 3423 2273 3479 ap.
2307 3406 2471 3480 Dioq.
2503 3406 2700 3463 Laert.
2737 3407 2796 3477 1,
2829 3406 2938 3480 58,

634 3490 978 3548 Leutsckius
1008 3492 1088 3547 ad
1111 3491 1465 3563 Apostolium
1499 3489 1601 3563 12,
1632 3448 1712 3546 42
1747 3507 1797 3548 c.
1973 3485 2109 3567 vita]
2142 3492 2224 3546 vir
2255 3493 2436 3567 vulyo,
2473 3494 2641 3548 etiam
2674 3491 2720 3548 G
2753 3491 2797 3548 S

640 3574 718 3632 74
781 3577 1117 3633 Vincentius
1147 3577 1366 3634 Bellov.
1410 3591 1569 3648 spec.
1601 3594 1744 3633 mor.
1779 3575 1838 3647 3,
1873 3577 1930 3649 1,
1962 3574 2000 3631 4
2046 3572 2292 3643 ‘Quidam
2334 3575 2726 3650 philosophus.-
2772 3575 2938 3634 Serva

638 3662 781 3716 vocis
814 3668 868 3717 et
898 3660 1101 3718 silentii
1135 3668 1647 3735 temperamentum3
1694 3669 1749 3717 et
1779 3662 1824 3716 si
1853 3660 2004 3735 loqui
2036 3659 2285 3731 libuerit,
2317 3662 2396 3718 sic
2425 3660 2687 3735 loquariS,
2719 3667 2782 3717 ut
2811 3661 2936 3719 aliis

636 3743 893 3801 libentius
925 3745 1179 3802 audiaris'
1229 3742 1329 3820 (cf.
1363 3763 1548 3819 supra
1580 3747 1618 3819 S
1651 3745 1729 3819 9).
1908 3746 1986 3803 76
2033 3747 2256 3821 semper'
2278 3753 2384 3802 etc.
2428 3763 2533 3804 om.
2580 3747 2741 3803 codd.
2772 3761 2933 3804 rece.

637 3836 692 3885 et
723 3831 877 3886 editt.
1081 3847 1260 3887 coram
1292 3830 1394 3887 diis
1425 3833 1663 3889 Haase.-
1702 3843 1823 3888 cum
1856 3832 1937 3888 his
1972 3831 2017 3887 G
2050 3831 2094 3887 S
2294 3831 2369 3887 77
2421 3831 2553 3888 Seu.
2587 3834 2750 3904 epist.
2786 3830 2859 3904 3,
2892 3830 2936 3888 4

637 3910 962 3989 ‘Utrumque
1006 3915 1190 3971 vitium
1234 3923 1320 3972 est
1359 3924 1414 3972 et
1458 3911 1705 3973 omnibus
1750 3915 1973 3973 credere
2014 3924 2068 3972 ct
2109 3914 2285 3971 nulli'.
2462 3914 2570 3973 78⁸
2615 3921 2720 3973 om.
2763 3919 2936 3974 codd.

634 4016 794 4057 rece.
830 4006 885 4058 et
914 4001 1072 4057 editt.
1106 4000 1323 4058 Auson.
1371 3999 1489 4057 VII
1512 3998 1658 4073 Sap.
1695 4002 1753 4073 6,
1790 4002 1821 4058 1
1996 4000 2085 4058 Sic
2126 4001 2242 4056 vive
2282 4007 2341 4056 ut
2371 4003 2569 4074 recepi
2596 4016 2676 4058 ea:
2702 4000 2827 4058 PS.·
2873 4010 2937 4059 ut

637 4086 685 4142 G
815 4101 917 4142 nec
946 4101 973 4140 a
1006 4086 1292 4144 Erasmus
1306 4087 1331 4141 .·‘
1364 4102 1434 4141 ne
1475 4102 1504 4142 a
1544 4088 1682 4144 libri
1850 4087 1947 4144 80·
1976 4088 2342 4159 Refinoeimus
2386 4102 2464 4143 ex
2506 4087 2628 4143 cod.
2663 4085 2730 4142 P.
2821 4086 2942 4155 Qui

634 4186 699 4227 se
724 4169 856 4243 fato
889 4172 967 4227 ad
986 4188 1183 4243 prava
1209 4171 1491 4244 facinora
1523 4178 1787 4229 coactum
1819 4187 1945 4228 esse
1974 4173 2131 4245 dicit,
2164 4175 2351 4229 omnia
2382 4174 2487 4229 deo
2518 4174 2780 4243 imputat,
2809 4175 2850 4228 i.
2879 4189 2932 4230 e.

635 4271 854 4314 omnem
884 4259 1116 4328 culpam
1147 4259 1205 4313 in
1235 4259 1402 4315 deum
1434 4257 1684 4330 confert.
1759 4257 1830 4314 In
1863 4260 2075 4316 ceteris
2103 4257 2395 4314 codicibus
2419 4255 2679 4329 fortasse
2710 4260 2937 4314 rectius

637 4344 723 4397 sic
769 4339 905 4413 fere
955 4344 1235 4414 scriptum
1280 4349 1397 4401 est.-
1452 4340 1866 4399 Excusationem
1911 4357 2171 4417 quaerere
2213 4341 2404 4400 vitium
2446 4348 2547 4398 est.
2639 4339 2826 4398 Omnia
2867 4341 2938 4399 ad

636 4425 794 4481 deum
837 4426 1117 4500 relinque,
1158 4431 1272 4484 nisi
1308 4431 1463 4502 quod
1493 4435 1627 4502 post
1668 4435 1752 4484 est
1772 4443 1890 4500 per
1918 4428 2365 4502 dittoyraphiam
2396 4429 2616 4485 addunt
2645 4434 2748 4483 set.
2841 4427 2936 4501 Cf.

637 4510 807 4567 Sexti
831 4517 978 4569 sent.
1010 4510 1132 4569 374
1163 4508 1410 4571 ‘Omnem
1440 4530 1655 4571 causam
1684 4512 1830 4570 refer
1860 4513 1925 4570 ad
1955 4512 2161 4571 deuin'.
2281 4511 2392 4571 80ει
2437 4530 2548 4571 σπι..
2574 4513 2739 4570 codd.
2770 4527 2933 4571 recc.
