3209 5184
811 443 1024 489 INTER
1068 442 1532 491 PUBLILIANAS
1578 442 1964 491 RECEPTAE.
2416 431 2533 494 127

408 593 866 660 Misericordia
905 616 1038 660 non
1082 616 1369 679 causam,
1417 596 1533 662 sed
1575 596 1906 662 fortunam
1949 606 2221 684 spectat.

408 696 724 762 Miserum
766 704 833 761 te
874 695 1117 782 iudico,
1164 697 1339 786 quod
1383 720 1737 785 numquam
1779 699 1983 764 fueris
2027 699 2245 764 miser.

410 797 675 863 Modica
717 797 1022 885 voluptas
1066 798 1249 865 laxat
1290 801 1542 865 animos
1590 809 1656 866 et
1699 809 2042 887 temperat.

410 899 706 965 Monstro
749 900 984 966 similis
1030 909 1129 966 est
1179 902 1462 966 avaritia
1504 901 1721 967 unica.

237 1007 366 1068 210
407 1002 713 1069 Morbum
756 1024 902 1069 esse
933 1004 1102 1070 scias
1132 1026 1263 1069 non
1291 1002 1713 1087 hilaritatem,
1758 1023 2019 1090 semper
2046 1005 2340 1070 arridere
2368 991 2527 1070 arri-

1051 1105 1359 1170 dentibus
1417 1113 1481 1170 et
1533 1105 1621 1168 ad
1675 1106 1964 1169 omnium
2016 1107 2530 1174 aestimationem

1047 1208 1265 1295 ipsum
1309 1228 1565 1295 quoque
1610 1229 1682 1271 os
1728 1205 2061 1272 diducere.

405 1306 705 1375 Mortalis
749 1330 938 1373 nemo
985 1318 1103 1393 est,
1151 1331 1346 1395 quem
1389 1330 1519 1372 non
1563 1309 1847 1394 attingat
1892 1307 2096 1374 dolor.

404 1410 688 1476 Mortem
731 1409 964 1474 timere
1010 1409 1339 1476 crudelius
1389 1418 1488 1475 est
1532 1432 1726 1497 quam
1768 1410 1957 1475 mori.

403 1511 731 1577 Muliebre
776 1520 873 1576 est
916 1512 1136 1577 furere
1181 1514 1250 1577 in
1293 1513 1414 1577 ira.

405 1612 601 1679 Multi
647 1611 803 1676 dum
848 1612 989 1678 falli
1034 1622 1287 1701 putant,
1334 1612 1567 1679 fallere
1611 1612 1869 1678 docent.

234 1721 359 1780 215
402 1714 659 1780 Natura
703 1715 913 1780 vincit
955 1725 1256 1781 naturam
1301 1703 1508 1780 et‘dii
1553 1714 1733 1779 deoS.

403 1815 546 1880 Nae
589 1816 948 1881 virtutibus
993 1817 1214 1883 multis
1260 1816 1573 1899 abundat,
1622 1817 1735 1904 qui
1778 1814 2025 1881 alienas
2067 1826 2262 1881 amat.

401 1916 691 1983 Necesse
737 1927 837 1983 est
878 1917 1117 1985 multos
1163 1919 1412 2002 timeat,
1461 1940 1654 2005 quem
1696 1917 1886 1983 multi
1931 1919 2184 1985 timent.

402 2019 833 2085 Necessitatis
880 2028 980 2084 est
1023 2019 1383 2084 remedium
1426 2021 1734 2108 parcitas.

404 2119 660 2204 Negata
705 2129 804 2186 est
846 2122 1101 2206 magnis
1148 2121 1503 2188 sceleribus
1548 2142 1807 2209 semper
1848 2120 2035 2188 fides.

233 2227 366 2287 220
404 2221 610 2288 Nemo
656 2225 750 2287 ita
793 2245 1043 2311 pauper
1085 2224 1258 2289 vivit
1302 2246 1496 2311 quam
1538 2233 1733 2288 natus
1779 2233 1902 2292 est.

409 2323 616 2389 Nemo
662 2334 880 2411 potest
923 2346 1268 2413 personam
1313 2325 1429 2390 diu
1473 2326 1644 2390 ferre
1675 2325 1929 2391 fictam:
1974 2325 2128 2391 ficta
2156 2325 2287 2391 cito
2318 2325 2387 2390 in
2414 2348 2524 2389 na-

1044 2436 1257 2491 turam
1303 2449 1486 2492 suam
1529 2426 1853 2494 recidunt.

413 2527 618 2594 Nemo
664 2527 948 2614 prudens
992 2531 1184 2617 punit
1226 2531 1380 2616 quia
1407 2539 1748 2617 peccatum
1780 2538 1897 2613 est,
1943 2529 2059 2595 sed
2090 2550 2171 2594 ne
2200 2538 2524 2617 peccetur.

406 2629 611 2695 Nemo
657 2651 882 2715 regere
926 2639 1143 2717 potest
1186 2632 1315 2696 nisi
1361 2639 1425 2695 et
1462 2632 1582 2717 qui
1625 2632 1789 2716 regi.

403 2731 630 2815 Nemo,
678 2732 790 2818 qui
834 2732 1048 2819 coepit
1093 2755 1178 2797 ex
1221 2754 1314 2816 se,
1358 2734 1563 2797 risum
1606 2732 1928 2821 praebuit.

235 2839 363 2898 225
406 2832 716 2920 Nequitia
758 2855 967 2920 poena
1009 2837 1299 2900 maxima
1340 2835 1622 2921 ipsamet
1666 2836 1769 2899 sui
1815 2843 1935 2898 est.

401 2934 629 3000 Nescit
670 2937 728 3000 is
772 2956 1023 3017 nocere,
1071 2939 1183 3025 qui
1225 2958 1462 3001 nocere
1504 2936 1678 3000 velle
1721 2934 2034 3023 prodidit.

402 3035 513 3102 Nil
558 3037 755 3123 eripit
797 3037 1076 3122 fortuna,
1121 3039 1251 3104 nisi
1296 3038 1469 3125 quod
1516 3048 1581 3105 et
1626 3038 1830 3103 dedit.

402 3136 515 3202 Nil
556 3160 750 3226 posse
794 3160 1185 3226 quemquam
1229 3150 1555 3206 mortuum
1594 3139 1723 3205 hoc
1766 3149 1867 3205 est
1911 3139 2156 3206 vivere.

404 3366 525 3424 206
575 3366 677 3424 Go.
711 3366 836 3423 Sen.
871 3365 938 3422 de
971 3366 1125 3423 clem.
1160 3367 1220 3440 2,
1253 3367 1312 3438 5,
1349 3368 1385 3423 1
1564 3368 1686 3426 207
1734 3369 1818 3426 Gr
1846 3385 1912 3424 ex
1943 3366 2063 3424 cod.
2094 3367 2259 3424 Palat.
2293 3368 2419 3425 Sen.
2451 3368 2519 3425 de

234 3450 439 3524 provid.
471 3449 533 3522 4,
566 3451 603 3507 3
777 3450 898 3510 208
944 3453 1016 3509 R.
1050 3452 1173 3508 Seu.
1207 3451 1273 3508 (18
1304 3454 1380 3507 ira
1411 3451 1470 3525 2,
1496 3451 1599 3525 20,
1626 3454 1663 3511 3
1836 3453 1957 3510 209
2009 3453 2105 3510 Go.
2142 3452 2214 3508 De
2246 3469 2379 3509 mor.
2415 3453 2517 3524 18,

232 3537 341 3591 Cic.
374 3535 441 3591 (18
469 3543 672 3591 senect.
710 3536 808 3608 18,
843 3536 921 3594 66
1097 3536 1221 3594 210
1267 3538 1362 3593 Ge.
1397 3536 1524 3593 Sen.
1557 3537 1624 3593 (18
1654 3538 1807 3593 clem.
1844 3537 1902 3609 2,
1938 3538 1996 3608 6,
2028 3535 2067 3592 4
2241 3537 2359 3593 211
2409 3539 2517 3594 Bo.

232 3619 416 3692 Eurip.
459 3637 545 3694 ap.
588 3620 692 3676 Cic.
727 3620 885 3677 Tusc.
930 3621 1000 3694 3,
1034 3621 1145 3693 25,
1178 3621 1257 3679 59
1434 3620 1553 3678 212
1599 3623 1698 3678 Ps.
1740 3622 1865 3677 Seu.
1907 3619 2033 3677 Exc.
2064 3620 2318 3677 Controv.
2354 3622 2424 3693 3,
2455 3622 2516 3694 5,

230 3712 369 3761 extr.
401 3722 496 3778 pg.
532 3704 675 3776 370,
708 3705 745 3761 5
776 3706 873 3761 Bu.
1007 3706 1129 3763 213
1173 3708 1283 3763 Pn.
1319 3706 1445 3762 Sen.
1480 3706 1547 3761 (18
1578 3706 1735 3762 clem.
1771 3707 1828 3778 1,
1861 3706 1921 3777 5,
1954 3706 1989 3764 5
2123 3704 2244 3762 214
2293 3706 2357 3775 Q.
2391 3707 2518 3765 Seu.

232 3790 390 3862 epist.
423 3788 480 3860 3,
515 3789 552 3845 3
754 3789 876 3846 215
922 3792 1020 3848 Ps.
1224 3789 1344 3849 216
1393 3791 1492 3846 Gr.
1528 3790 1667 3847 Plin.
1700 3792 1855 3865 epist.
1894 3793 1951 3863 1,
1987 3791 2087 3865 17,
2120 3790 2177 3847 4.
2242 3791 2323 3849 cf.
2356 3809 2518 3867 supra

236 3873 495 3947 pg.·107,
517 3873 641 3932 110
757 3875 877 3932 217
924 3877 1022 3932 Ps.
1054 3875 1308 3932 Laberius
1342 3894 1391 3931 v.
1425 3876 1545 3934 126
1575 3875 1730 3933 Ribb.
1761 3901 1846 3922 =
1876 3877 2002 3933 Seu.
2037 3877 2105 3933 de
2134 3878 2209 3932 ira
2252 3877 2311 3949 2,
2349 3878 2446 3948 11,
2479 3878 2516 3935 3

400 3956 522 4016 218
568 3961 665 4016 Ps.
698 3959 849 4015 Caec.
882 3959 1027 4016 Balh.
1063 3960 1204 4016 Mon.
1240 3960 1339 4032 11,
1373 3961 1432 4032 5,
1464 3978 1559 4035 pg.
1594 3959 1673 4015 22
1845 3961 1964 4020 219
2012 3961 2110 4018 Ps.
2145 3961 2270 4017 Seu.
2302 3961 2515 4035 Hippol.

238 4042 355 4100 162
528 4043 653 4101 220
699 4044 800 4101 Gr.
832 4061 897 4100 ex
929 4045 1046 4101 cod.
1080 4044 1244 4101 palat.
1280 4044 1402 4101 Sen.
1435 4044 1502 4101 de
1541 4046 1751 4120 provid.
1786 4047 1845 4117 6,
1879 4047 1914 4103 6
2088 4045 2207 4101 221
2261 4047 2357 4103 Go.
2391 4045 2515 4101 Sen.

230 4127 297 4184 (18
328 4127 486 4183 clem.
524 4129 580 4202 1,
602 4129 729 4201 1,6.
775 4128 854 4184 Cf.
888 4146 1050 4203 supra
1080 4147 1172 4203 pg.
1210 4129 1350 4202 123,
1386 4129 1505 4187 137
1625 4129 1745 4186 222
1779 4132 1851 4187 R.
1883 4130 2007 4186 Sen.
2041 4129 2109 4186 de
2138 4132 2216 4185 ira
2249 4131 2306 4202 1,
2343 4130 2443 4201 19,
2478 4130 2513 4186 7

399 4211 522 4271 223
566 4214 638 4270 R.
672 4214 798 4272 Sen.
832 4214 898 4270 de
930 4217 1003 4270 ira
1038 4213 1108 4284 2,
1142 4213 1255 4287 15,
1286 4214 1327 4269 4
1524 4212 1648 4274 224
1695 4216 1793 4270 Gr.
1829 4231 1893 4270 ex
1924 4214 2045 4269 cod.
2078 4213 2245 4270 Palat.
2292 4214 2416 4270 Seu.
2448 4212 2514 4269 (18

225 4306 399 4355 const.
435 4314 548 4371 sap.
583 4298 682 4370 17,
717 4297 752 4354 2
928 4298 1047 4356 225
1095 4297 1327 4355 Ribbeck
1361 4298 1503 4371 315,
1535 4300 1642 4354 Pn.
1689 4298 1766 4355 Cf.
1798 4315 1963 4372 supra
2000 4316 2093 4372 pg.
2128 4295 2342 4370 9151ss

226 4382 350 4441 226
393 4383 493 4439 Gr.
530 4377 818 4457 (perdidit)
846 4399 909 4439 ex
941 4382 1239 4440 cod.Palat.
1266 4382 1418 4440 Caec.
1443 4382 1869 4441 Balh.PariS.29
2002 4382 2121 4439 227
2166 4383 2265 4440 Ps.
2292 4383 2417 4439 Seu.
2446 4383 2514 4441 de

223 4476 402 4524 const.
436 4485 548 4543 sap.
578 4468 693 4541 5,4
714 4468 837 4525 coll.
865 4469 1022 4541 epist.
1048 4468 1152 4540 59,
1171 4468 1248 4526 18
1367 4468 1489 4526 228
1536 4467 1635 4525 Ps.
1659 4466 1807 4525 Caec.
1833 4468 1975 4524 Balb.
2005 4467 2145 4525 Mon.
2166 4469 2299 4541 1,9‚
2323 4487 2417 4544 pg.
2436 4470 2511 4528 18
