3209 5184
834 462 1047 511 INTER
1090 462 1555 512 PUBmmANAs
1600 461 1987 511 RECEPTAE.
2441 446 2558 511 131

439 618 663 683 Potest
708 616 868 704 quid
913 637 1056 681 esse
1102 617 1467 701 honestum,
1514 615 1687 702 quod
1731 637 1864 681 non
1906 613 2234 679 liberum?

439 720 709 785 Praeter
767 739 1030 784 causam
1091 717 1366 784 multum
1419 719 1630 783 amico
1691 716 1990 801 dabitur,
2048 715 2323 781 multum
2368 715 2565 781 etiam

1490 828 1718 885 contra
1758 819 2042 886 amicum
2086 819 2279 885 scias.

440 922 822 1009 Principum
865 922 1147 988 saevitia
1190 920 1434 988 bellum
1481 932 1602 990 est.

439 1024 709 1089 Privata
751 1023 978 1090 studia
1021 1022 1359 1112 publicum
1405 1032 1710 1089 evertunt
1754 1024 2017 1091 bonum.

256 1133 398 1192 *300
439 1125 727 1191 Probare
770 1125 1016 1191 amicos
1062 1123 1337 1191 difficile
1382 1135 1480 1192 est
1521 1148 1594 1192 re
1636 1149 1969 1215 prospera.

440 1228 652 1315 Prope
698 1237 798 1294 est
840 1236 914 1294 ut
956 1226 1241 1293 libenter
1286 1227 1571 1311 damnet,
1620 1229 1732 1315 qui
1776 1231 1927 1296 cito,

441 1330 655 1417 Prope
701 1338 799 1395 est
843 1338 917 1394 ut
960 1351 1092 1395 non
1134 1351 1339 1417 aeque
1384 1332 1665 1414 damnet,
1713 1332 1824 1419 qui
1868 1332 2087 1397 nimis.

444 1428 742 1518 Pupillus
787 1440 888 1497 est
929 1453 1168 1497 avarus
1212 1434 1447 1499 aetatis
1492 1433 1739 1500 brevis.

441 1533 649 1597 Puras
695 1532 880 1618 deus,
926 1555 1070 1598 non·
1101 1532 1328 1618 plenas
1373 1535 1614 1623 aspicit
1659 1557 1911 1601 manus,

278 1641 399 1701 305
446 1634 631 1717 Quae
676 1633 1075 1719 defloruerit,
1119 1657 1203 1701 ne
1245 1637 1484 1702 iterum
1529 1646 1877 1724 quaeratur
1917 1658 2087 1703 rosa.

445 1736 631 1817 Quae
676 1745 775 1801 est
817 1759 922 1801 ars
968 1737 1298 1825 parandae
1341 1738 1709 1803 amicitiae?
1758 1739 1832 1806 Si
1874 1740 1978 1804 vis
2023 1739 2249 1821 amari,
2297 1760 2463 1804 ama.

446 1838 875 1919 Quaerendus
920 1861 1164 1906 cuneus
1212 1848 1312 1906 θεῖ
1355 1839 1564 1907 malus
1609 1850 1840 1907 trunco
1886 1840 2076 1910 ma10.

444 1940 657 2021 Quam
702 1963 1014 2027 magnum
1059 1951 1158 2007 est
1201 1964 1333 2007 non
1372 1941 1629 2030 laudari
1674 1952 1739 2009 et
1784 1965 1928 2010 esse
1971 1942 2407 2010 laudabilem!

445 2042 658 2123 Quam
701 2065 897 2131 saepe
941 2045 1223 2126 veniam,
1271 2045 1384 2131 qui
1428 2055 1809 2131 negaverat,
1853 2046 2055 2133 petit!

275 2151 403 2210 310
445 2143 580 2224 Qui
621 2143 736 2209 alii
780 2144 1139 2230 maledicit,
1183 2146 1313 2212 sibi
1357 2147 1725 2213 convicium
1768 2147 1949 2212 facit.

448 2245 626 2326 Quid
673 2267 749 2311 eo
794 2246 1146 2331 infelicius,
1194 2250 1301 2313 cui
1344 2249 1477 2313 iam
1518 2247 1690 2316 malo
1737 2270 1881 2314 esse
1923 2269 2191 2314 necesse
2238 2247 2385 2314 est‘?

448 2346 630 2427 Quid
676 2357 779 2415 est
821 2349 1211 2414 beneficium
1256 2349 1463 2415 dare‘?
1507 2351 1755 2416 imitari
1799 2349 2015 2415 deum.

446 2449 623 2530 Quid
670 2459 890 2538 potest
930 2450 1015 2516 ab
1062 2472 1137 2516 eo
1182 2452 1529 2539 quisquam
1572 2474 1855 2539 sperare,
1903 2473 2097 2539 quem
2140 2449 2380 2516 malum
2424 2472 2568 2516 esse

1492 2552 1764 2620 docuit?

452 2651 797 2741 Quidquid
830 2676 1036 2741 aequo
1077 2654 1224 2742 plus
1253 2656 1548 2721 futurum
1578 2664 1700 2741 est,
1744 2656 1815 2721 in
1843 2665 2097 2744 partem
2127 2655 2572 2722 humaniorem

1491 2757 1737 2822 inclina
1780 2757 1888 2823 vel
1930 2757 2398 2846 praepondera.

278 2864 405 2922 315
453 2856 635 2937 Quid
681 2858 956 2946 quisque
998 2860 1229 2947 possit,
1273 2861 1407 2925 nisi
1449 2868 1698 2925 tentato
1742 2860 1997 2925 nesciit.

448 2960 630 3041 Quid
672 2961 877 3026 refert
921 2970 1234 3048 quantum
1261 2960 1558 3028 habeas?
1601 2960 1806 3026 multo
1851 2959 2018 3027 illud
2047 2960 2193 3048 plus
2226 2970 2346 3044 est,
2393 2961 2569 3047 quod

1489 3086 1623 3129 non
1666 3063 1892 3129 habes.

451 3163 588 3247 Qui
617 3174 886 3253 propter
914 3166 1227 3254 pecuniae
1257 3164 1365 3232 vel
1392 3165 1692 3231 libidinis
1722 3187 2007 3231 amorem
2037 3166 2331 3250 moritur,
2354 3173 2569 3231 osten—

1254 3269 1356 3334 dit
1410 3288 1480 3332 se
1523 3290 1880 3356 numquam
1923 3268 2027 3334 sui
2071 3289 2269 3334 causa
2296 3266 2568 3333 vixisse.

445 3478 564 3538 296
611 3481 681 3537 F.
718 3478 842 3536 Sen.
875 3481 1032 3553 epist.
1068 3480 1169 3553 66,
1207 3481 1282 3540 16
1453 3481 1574 3540 297
1619 3483 1729 3539 Ρη.
1886 3480 2007 3540 298
2057 3481 2155 3539 Go,
2189 3478 2571 3554 (Principium

269 3564 576 3638 saevitiae)
609 3564 735 3622 Seu.
768 3564 834 3621 de
866 3564 1020 3621 clem.
1058 3565 1116 3638 1,
1149 3564 1210 3638 5,
1243 3566 1280 3622 2
1456 3567 1576 3624 299
1624 3568 1694 3622 F.
1859 3565 1986 3624 300
2030 3565 2113 3622 Gr
2144 3564 2201 3621 2.
2236 3564 2387 3621 Caec.
2418 3563 2566 3620 Balb.

268 3648 420 3706 Mon.
455 3648 565 3723 15,
598 3650 659 3721 6,
688 3667 779 3725 pg.
817 3648 919 3722 25,
950 3649 1074 3707 coll.
1106 3649 1173 3707 de
1203 3666 1341 3706 mor.
1376 3649 1455 3707 51
1660 3648 1802 3708 301.
1851 3649 1973 3707 302
2022 3650 2122 3707 Go.
2156 3647 2281 3705 Seu.
2314 3648 2382 3704 de
2412 3649 2566 3705 clem.

270 3735 336 3806 1,
374 3733 472 3807 14,
504 3734 542 3791 3
699 3734 821 3792 303
868 3735 1128 3810 Scaliger.
1174 3734 1328 3791 Caec.
1360 3732 1510 3790 Ball).
1544 3732 1689 3789 Mon.
1727 3731 1828 3805 12,
1861 3734 1921 3807 3,
1951 3751 2045 3809 pg.
2079 3733 2158 3791 23
2303 3732 2428 3792 304
2472 3734 2570 3791 Ps.

265 3818 353 3874 Cf.
386 3835 550 3894 supra
580 3836 672 3895 pg.
709 3820 821 3891 90,
853 3820 891 3877 3
1067 3818 1188 3878 305
1235 3820 1341 3877 Bo.
1374 3817 1451 3874 Ex
1480 3816 1769 3894 proverbio
1808 3835 2005 3893 graeco
2039 3836 2125 3894 ap.
2156 3816 2363 3876 Erasm.
2398 3819 2566 3893 Adag.

264 3903 335 3976 2,
373 3904 431 3975 6,
462 3903 546 3963 40
760 3905 882 3965 306
922 3904 994 3983 ιΩ.
1023 3905 1151 3966 Sen.
1185 3907 1348 3981 epist.
1381 3905 1454 3979 9,
1489 3904 1542 3962 6.
1587 3902 1812 3962 Martial.
1846 3905 2018 3979 epigr.
2052 3905 2111 3979 6,
2145 3904 2245 3976 11,
2282 3905 2362 3963 10

264 3988 395 4047 307
445 3991 555 4046 Bo.
589 3988 843 4047 Erasmus
877 3990 1047 4065 Adag.
1087 3991 1155 4063 1,
1190 3989 1260 4065 2,
1292 3990 1329 4048 5
1363 4007 1426 4047 ex
1455 3990 1786 4065 Hieronymo
1825 3988 1888 4046 ad
1921 3989 2117 4046 Ocean.
2289 3989 2410 4048 308
2457 3990 2565 4060 Pn,

264 4076 347 4133 R.
378 4073 458 4130 Cf.
492 4091 655 4149 supra
695 4093 790 4150 pg.
830 4076 982 4149 100,
1017 4075 1095 4134 65
1281 4076 1403 4136 309
1447 4077 1545 4134 Ps.
1580 4076 1714 4134 Sen.
1747 4075 1813 4132 de
1854 4076 1931 4131 ira
1964 4076 2034 4147 2,
2067 4073 2180 4147 34,
2211 4073 2269 4129 4.
2305 4074 2375 4131 cf.
2410 4074 2567 4131 Herc.

264 4160 384 4216 sur.
419 4159 583 4217 1267
731 4160 857 4220 310
902 4163 971 4218 F.
1007 4162 1076 4218 De
1106 4178 1246 4219 mor.
1284 4161 1401 4219 115
1558 4161 1677 4218 311
1729 4160 1827 4219 (ἕο.
1863 4160 1987 4218 Sen.
2018 4158 2085 4216 de
2115 4159 2267 4216 clem.
2308 4160 2364 4233 1,
2400 4159 2498 4233 13,
2532 4158 2568 4215 2

444 4243 567 4303 312
613 4246 721 4302 Pn.
755 4245 828 4303 De
869 4263 1009 4308 mor.
1041 4245 1121 4303 47
1155 4246 1280 4305 coll.
1312 4247 1438 4305 Sen.
1472 4246 1539 4302 de
1570 4244 1749 4302 benef.
1783 4245 1854 4318 3,
1889 4245 1967 4303 15
2140 4244 2263 4302 313
2311 4245 2412 4302 Go.
2446 4243 2571 4301 Sen.

256 4330 336 4387 de
369 4329 526 4387 clem.
563 4330 620 4402 1,
653 4330 756 4404 26,
791 4333 824 4389 1
1003 4330 1126 4390 314
1175 4334 1272 4390 Go.
1307 4331 1431 4388 Seu:
1462 4332 1530 4388 de
1562 4330 1719 4387 clem.
1754 4331 1813 4402 1,
1847 4328 1905 4401 2,
1938 4329 1974 4386 2
2137 4328 2260 4387 315
2305 4330 2401 4387 Ps.
2435 4329 2564 4387 Seu.

259 4416 337 4473 de
371 4414 587 4490 provid.
617 4409 681 4488 4,
713 4417 749 4475 3
784 4420 1111 4491 temptando
1275 4416 1398 4473 316
1443 4418 1513 4472 F.
1548 4416 1674 4473 Seu.
1709 4432 1795 4490 ap.
1829 4414 2059 4472 Gellium
2094 4413 2196 4489 12,
2228 4413 2288 4486 2,
2325 4415 2398 4472 13

257 4502 397 4560 317
445 4502 546 4558 Go.
580 4501 652 4558 De
683 4519 820 4560 mor.
856 4503 975 4560 119

2097 4601 2281 4649 9*.
