3209 5184
672 1431 683 1449 ’
758 1438 1195 1527 Sententiae
1254 1438 1448 1525 falso
1508 1438 1712 1524 inter
1773 1438 2250 1576 Publilianas
2311 1446 2664 1552 receptae
2692 1438 2798 1556 “·i)

805 1639 1131 1703 Aberrare
1174 1659 1215 1701 a
1257 1637 1524 1703 fortuna
1566 1646 1681 1702 tua
1722 1658 1856 1702 non
1898 1645 2105 1723 poteS,
2152 1636 2411 1702 obsidet
2455 1646 2541 1704 te.

803 1740 1335 1806 Abominandum
1380 1738 1652 1803 remedii
1694 1760 1902 1823 genus
1948 1738 2222 1805 salutem
2267 1738 2505 1805 debere
2550 1742 2795 1806 morb0.

807 1844 1146 1907 Acerrima
1189 1842 1399 1905 virtus
1446 1849 1566 1922 est,
1616 1862 1808 1927 quam
1851 1839 2083 1906 ultima
2123 1843 2480 1908 necessitas
2528 1844 2798 1910 excutit.

806 1945 1116 2032 Accipias
1162 1950 1452 2031 praestat
1496 1965 1691 2030 quam
1733 1941 1977 2008 inferas
2023 1944 2350 2008 iniuriam.

725 2053 761 2111 5
806 2046 917 2111 Ad
962 2045 1089 2109 duo
1134 2044 1456 2129 festinans
1499 2053 1801 2109 neutrum
1844 2044 2012 2108 bene
2055 2046 2411 2133 peregeris.

807 2148 870 2212 A
916 2147 1168 2211 duabus
1215 2147 1426 2211 causis
1470 2155 1803 2233 praestare
1846 2148 2148 2234 princeps
2192 2146 2376 2231 solet,
2423 2149 2481 2213 si
2522 2156 2636 2213 aut
2676 2170 2748 2214 se
2776 2149 2936 2215 vin-

1858 2247 2035 2313 dicat
2077 2258 2192 2313 aut
2234 2248 2455 2314 alium.

810 2349 921 2415 Ad
968 2349 1360 2421 excutienda
1401 2348 1533 2414 tela
1576 2348 1893 2413 militares
1939 2348 2166 2415 lacerti
2207 2349 2449 2416 valent.

809 2451 920 2517 Ad
965 2451 1401 2539 suspicionem
1443 2449 1733 2515 vulneris
1778 2451 1908 2515 cito
1953 2450 2270 2539 pallescit.

695 2534 704 2548 ⁰
811 2552 1093 2619 Adulter
1137 2561 1237 2618 est
1278 2553 1502 2617 uxoris
1548 2560 1800 2617 amator
1842 2553 2074 2618 acrior.

689 2664 769 2721 10
811 2655 1041 2741 Aequo
1085 2655 1301 2719 animo
1348 2655 1460 2741 qui
1505 2652 1694 2717 malis
1738 2655 2066 2737 miscetur,
2116 2664 2214 2720 est
2258 2637 2490 2720 malus.

811 2758 949 2822 Aes
997 2754 1361 2821 debitorem
1406 2755 1569 2838 leve,
1615 2777 1820 2840 grave
1864 2756 2198 2820 inimicum
2241 2757 2421 2822 facit.
2741 2835 2756 2846 Ι

812 2858 1104 2924 Affectus
1151 2858 1415 2945 quidem
1458 2866 1592 2922 tam
1638 2855 1792 2921 mali
1833 2858 2120 2924 ministri
2166 2868 2315 2924 sunt
2361 2881 2554 2946 quam
2600 2859 2817 2924 duces.

813 3114 1147 3197 Adnotatio]
1193 3117 1260 3192 †)
1290 3118 1390 3176 Eas
1421 3120 1576 3194 primi
1609 3127 1932 3193 receperunt
1963 3121 2021 3175 Ε
2045 3118 2371 3195 (Erasmus),
2413 3122 2506 3177 Ρη
2536 3120 2939 3195 (panthaleon),

646 3208 691 3264 S
719 3207 803 3278 (H.
835 3203 1193 3279 Stephanus),
1246 3205 1326 3260 Ps
1366 3198 1703 3278 (Pi'thoeus),
1759 3205 1842 3261 Gr
1881 3202 2102 3276 (Gruter
2143 3206 2196 3261 in
2238 3204 2365 3262 edit.
2410 3222 2457 3261 a.
2508 3204 2725 3279 1604),
2776 3206 2861 3263 Gr
2895 3208 2938 3263 2

646 3291 807 3363 (idem
848 3292 904 3346 in
946 3289 1075 3345 edit.
1120 3306 1166 3345 a.
1206 3289 1420 3361 1610),
1463 3290 1552 3345 Be
1583 3287 1931 3361 (Bentleius),
1976 3290 2064 3346 Bo
2096 3288 2397 3363 (Bothius),
2443 3292 2497 3347 R
2532 3285 2938 3367 (Reinholdus),

647 3375 692 3445 Q
725 3374 849 3449 (Jul.
885 3373 1171 3450 Quicherat
1201 3376 1256 3430 in
1289 3372 1752 3448 ephemeridibuS,
1786 3372 1980 3447 quibus
2011 3374 2202 3431 titulus
2233 3374 2608 3450 Bibliotheque
2639 3375 2705 3432 de
2737 3375 2939 3434 l'ecole

644 3462 737 3518 des
769 3460 992 3516 Chartes
1024 3458 1130 3514 vol.
1164 3458 1222 3513 11.
1261 3456 1441 3516 1840.
1486 3458 1667 3514 fascic.
1704 3458 1759 3514 2.
1794 3476 1886 3533 pg.
1928 3458 2045 3516 115
2078 3456 2240 3535 sqq.).
2329 3460 2616 3517 Praeterea
2657 3461 2763 3518 hoc
2803 3461 2933 3518 loco

646 3547 785 3620 typis
837 3542 1216 3601 describendas
1258 3544 1467 3616 curavi,
1522 3559 1654 3617 quas
1698 3560 1726 3599 6
1768 3546 2132 3619 manuscripto
2174 3546 2368 3618 petitas
2411 3544 2471 3602 G.
2518 3545 2788 3602 Fabricius
2832 3544 2940 3619 (F)

644 3634 788 3686 inter
831 3628 1150 3685 ‘sententias
1197 3630 1368 3685 mimis
1399 3628 1571 3684 Publii
1614 3626 1842 3684 similes'
1888 3627 2083 3699 edidit3
2130 3646 2194 3686 ex
2237 3629 2296 3685 D.
2333 3629 2628 3687 Godosredi
2661 3629 2787 3703 (Go)
2820 3631 2939 3687 edi-

646 3716 792 3770 tione
824 3714 1001 3786 recepi
1032 3715 1324 3770 sententias
1354 3713 1706 3787 interpolatas
1736 3712 2147 3770 Proverbiorum
2184 3708 2269 3789 (cs.
2303 3714 2522 3790 Proleg.
2557 3714 2655 3769 24.
2675 3714 2799 3787 26),
2831 3714 2938 3772 Bo-

645 3799 744 3855 thii
787 3798 1021 3870 denique
1059 3814 1170 3853 non
1213 3814 1399 3854 omnes
1431 3797 1708 3870 dedimuS,
1751 3797 1847 3853 sed
1879 3805 2088 3855 tantum
2120 3816 2218 3873 per
2248 3809 2482 3856 saturam
2513 3799 2760 3855 selectas

649 3885 679 3939 1
732 3885 831 3940 Ge.
868 3880 994 3937 8611.
1028 3881 1095 3938 (16
1124 3882 1278 3939 clem.
1317 3883 1374 3953 1,
1406 3882 1467 3954 8,
1501 3882 1536 3937 2
1728 3883 1764 3939 2
1811 3885 1883 3940 R.
1919 3883 2044 3939 8611.
2079 3883 2145 3940 (16
2175 3885 2252 3940 ira
2286 3886 2341 3956 1,
2378 3884 2476 3955 12,
2510 3884 2546 3940 6
2738 3883 2777 3940 3
2829 3884 2933 3940 Ge.

644 3968 767 4024 8611.
801 3967 869 4024 (16
900 3965 1053 4022 616111.
1091 3967 1147 4038 1,
1183 3967 1282 4038 12,
1317 3965 1352 4023 5
1483 3965 1522 4020 4
1569 3965 1676 4023 Bo.
1822 3967 1859 4023 5
1908 3968 2014 4025 Bo.
2049 3967 2128 4024 Cs.
2164 3967 2293 4024 Cato
2326 3985 2410 4042 ap.
2444 3967 2580 4024 Gell.
2620 3968 2719 4039 16,
2756 3967 2858 4040 14,
2895 3968 2935 4023 2

807 4053 841 4109 6
892 4051 992 4108 Go.
1020 4045 1368 4127 praestare]
1399 4054 1613 4122 punire
1644 4050 1768 4108 8611.
1802 4051 1868 4108 de
1898 4051 2053 4108 clem.
2093 4053 2149 4126 1,
2184 4052 2285 4125 20,
2321 4053 2352 4108 1
2521 4053 2554 4109 7
2602 4054 2676 4110 R.
2710 4051 2836 4109 8611.
2868 4052 2939 4109 de

647 4137 854 4212 provid.
888 4135 951 4209 4,
986 4136 1063 4194 13
1277 4136 1313 4193 8
1363 4137 1431 4193 R.
1466 4135 1588 4192 8611.
1624 4134 1691 4192 de
1723 4137 1932 4209 provid.
1963 4131 2025 4209 4,
2060 4138 2094 4195 7
2310 4138 2345 4195 9
2394 4137 2488 4194 Ps.
2522 4136 2668 4193 Sexti
2697 4137 2934 4212 Pythag.

649 4231 791 4278 sent.
836 4240 864 4277 a
897 4220 1101 4278 'Rufino
1156 4238 1447 4278 conversae
1492 4219 1645 4289 222;
1703 4220 1923 4277 Hieron.
1980 4222 2095 4278 adv.
2147 4223 2327 4279 Jovin.
2372 4240 2417 4278 c.
2467 4222 2549 4280 30
2577 4247 2661 4268 =
2691 4222 2817 4279 8611.
2871 4222 2942 4279 (16

651 4308 878 4362 matrim.
910 4307 1013 4380 frg.
1047 4305 1128 4364 84
1173 4306 1266 4361 Ha.
1302 4306 1450 4362 Vinc.
1485 4304 1613 4361 Bell.
1659 4322 1741 4380 sp.
1788 4305 1840 4361 d.
1884 4304 1953 4379 4,
1989 4307 2086 4365 98.
2134 4308 2202 4380 6,
2238 4307 2292 4363 7.
2364 4306 2441 4362 Cf.
2475 4307 2600 4363 Sen.
2647 4307 2715 4363 (16
2756 4313 2936 4363 const.

649 4407 761 4464 sap.
796 4391 854 4463 7,
886 4388 940 4446 4.
1122 4384 1200 4448 10
1243 4393 1311 4447 F.
1344 4390 1678 4446 Pseudosen.
1713 4390 1779 4446 de
1810 4406 1945 4447 mor.
1979 4390 2057 4448 75
2235 4391 2308 4449 11
2354 4392 2454 4448 Ps.
2488 4391 2613 4448 8611.
2647 4392 2802 4466 epist.
2836 4392 2938 4465 19,

655 4474 731 4531 12
928 4473 1005 4532 12
1052 4477 1124 4534 R.
1156 4474 1280 4532 8611.
1316 4476 1383 4532 (16
1411 4476 1490 4532 ira
1523 4475 1581 4548 1,
1615 4475 1675 4549 9,
1705 4474 1744 4531 4
