3209 5184
681 457 767 524 46
1384 466 1387 471 ’
1555 472 2104 522 PROLEGOMENA.

684 624 899 691 Simili
945 648 1160 691 errore
1203 624 1450 690 Zellius
1496 647 1760 689 versum
1806 626 1917 691 ‘In
1957 627 2054 691 nil
2094 626 2396 708 sapiendo
2439 628 2573 691 vita
2616 632 2703 691 est
2743 630 2970 693 iucun-

683 729 969 793 dissima'
1025 749 1065 791 a
1108 726 1393 793 Publilio
1440 749 1524 791 ex
1569 726 1770 815 Soph.
1816 727 2021 791 Aiace
2063 727 2193 791 554
2246 725 2321 791 ἐν
2366 731 2459 813 τῷ
2506 738 2793 811 φρονεῖν
2836 725 2971 817 γὰρ

682 827 895 913 μηδὲν
932 826 1201 912 ἥδιστος
1229 830 1375 911 βίος
1401 829 1795 911 traductum,
1841 828 2079 892 rectius
2109 826 2317 893 Andr.
2354 827 2737 916 Spengelius
2769 830 2969 916 (Con-

682 931 915 995 iectan.
961 930 1030 992 in
1076 929 1275 1017 Soph.
1320 939 1487 1015 trag.
1534 928 1835 995 Monach.
1887 930 2071 995 1858.
2117 952 2226 1015 pg.
2275 929 2334 993 9.
2385 931 2494 1017 10)
2540 931 2967 997 subditicium

684 1053 825 1097 esse
879 1031 1166 1095 dixerat:
1231 1032 1426 1097 immo
1487 1039 1822 1118 receperat
1866 1030 2174 1114 Bothius,
2233 1041 2306 1095 ut
2347 1029 2587 1097 multos
2631 1032 2824 1116 alios,
2886 1055 2970 1096 ex

681 1133 944 1198 Erasmi
1001 1133 1305 1218 Adagiis.
1397 1131 1658 1213 Quibus
1709 1143 2009 1197 accurate
2064 1133 2399 1220 perpensis
2457 1155 2583 1198 non
2641 1143 2739 1198 est
2793 1134 2970 1221 quod

680 1233 965 1321 aliquam
1009 1235 1479 1300 sententiarum
1523 1243 1775 1321 partem
1819 1233 2288 1299 vetustioribus
2324 1236 2537 1321 poetis
2566 1236 2821 1301 Latinis
2854 1236 2967 1300 ad-

682 1337 1068 1405 scribamus,
1598 1388 1610 1411 Ι

851 1440 919 1522 7)
965 1437 1241 1524 Reliqua
1296 1447 1396 1502 est
1452 1438 1613 1503 satis
1668 1436 1918 1502 nodosa
1984 1435 2077 1500 de
2144 1438 2584 1503 sententiis
2653 1439 2733 1503 in
2798 1438 2968 1505 solo

683 1539 964 1604 codice
1008 1539 1438 1604 Turicensi
1483 1541 1836 1604 servatis
1883 1538 2262 1626 disputatio,
2305 1561 2496 1626 quam
2527 1540 2821 1607 consulto
2852 1542 2966 1605 ad*-

680 1641 807 1706 huc
851 1640 1244 1724 distulimus,
1289 1649 1362 1706 ut
1408 1641 1464 1705 si
1509 1640 1670 1727 quid
1714 1642 1845 1704 iam
1888 1649 2116 1705 nostra
2160 1639 2621 1727 disquisitione
2666 1643 2968 1707 effectum

682 1752 884 1824 esset,
948 1741 1017 1805 id
1073 1744 1144 1806 in
1200 1763 1272 1806 re
1315 1752 1447 1806 tam
1494 1742 1769 1806 obscura
1811 1740 2064 1829 aliquid
2109 1741 2272 1806 lucis
2315 1743 2599 1808 afferret.
2688 1744 2968 1810 Centum

681 1845 883 1929 igitur
928 1853 992 1907 et
1035 1865 1269 1908 novem
1315 1865 1397 1907 ex
1426 1842 1538 1934 illo
1569 1844 1793 1907 codice
1833 1845 2190 1908 sententias
2222 1844 2432 1910 edidit
2462 1845 2768 1929 Orellius‚
2816 1867 2967 1910 con-

679 1954 985 2031 gruentes
1040 1943 1203 2009 alias
1260 1944 1345 2008 ad
1401 1943 1675 2008 verbum
1729 1945 1867 2009 fere
1922 1966 2067 2009 cum
2124 1943 2545 2030 Publilianis‚
2602 1945 2762 2011 alias
2818 1946 2966 2033 plus

682 2047 980 2111 minusve
1024 2047 1396 2110 immutatas
1429 2054 1493 2110 et
1535 2042 1841 2111 resolutis
1874 2067 2178 2110 versuum
2209 2048 2516 2131 numeris,
2563 2057 2634 2112 ut
2666 2050 2784 2112 vix
2813 2069 2967 2135 poe-

678 2138 813 2214 tam
868 2169 1216 2233 agnoscas,
1271 2146 1435 2211 alias
1493 2147 1776 2235 denique
1819 2145 2012 2234 plane
2055 2149 2346 2233 ignotas,
2404 2150 2640 2236 quibus
2684 2150 2770 2213 ad
2815 2171 2968 2235 sup-

679 2249 989 2338 plendum
1034 2247 1387 2314 Publilium
1429 2271 1586 2313 usus
1633 2246 1740 2315 vel
1782 2250 1997 2336 potius
2041 2249 2285 2315 abusus
2331 2260 2449 2315 est.
2487 2323 2512 2347 ‚
2539 2250 2610 2316 Si
2655 2252 2848 2331 enim,
2893 2259 2969 2313 ut

679 2352 1056 2441 perhibent,
1124 2351 1560 2437 quadraginta
1623 2360 1755 2414 tres
1822 2373 2031 2416 novae
2099 2361 2278 2435 sunt,
2352 2374 2555 2439 prope
2625 2350 2968 2415 dimidiam

681 2454 1141 2520 sententiarum
1200 2449 1717 2516 Publilianarum
1784 2461 2035 2539 partem
2100 2453 2517 2518 intercidisse
2576 2451 2967 2516 concluden-

681 2557 836 2621 dum
882 2564 1082 2638 esset3
1129 2554 1233 2618 sin
1276 2563 1492 2619 autem
1536 2575 1763 2617 verum
1810 2564 1928 2637 est,
1976 2556 2149 2640 quod
2180 2555 2372 2621 modo
2417 2553 2724 2637 vidimus,
2771 2553 2969 2640 longe

678 2657 992 2745 plurimas
1045 2663 1324 2720 aetatem
1366 2653 1638 2739 tulisse,
1690 2655 1810 2749 vix
1850 2665 2120 2743 possunt
2162 2657 2596 2743 quadraginta
2633 2664 2768 2720 tres
2811 2655 2968 2720 illae

679 2757 949 2825 Publilii
994 2779 1155 2821 esse.
1242 2758 1345 2820 Ac
1389 2755 1471 2819 de
1513 2765 1778 2820 auctore
1823 2756 2086 2843 quidem
2124 2758 2589 2822 sententiarum
2619 2756 2786 2820 nihil
2815 2780 2966 2845 pro-

680 2860 780 2926 dit
844 2859 1054 2925 codex
1116 2859 1540 2945 inscriptione
1596 2880 1855 2941 carens3
1930 2860 2187 2924 interna
2250 2868 2634 2944 argumenta
2687 2860 2965 2923 circum-

680 2962 983 3051 spicienti
1037 2983 1167 3025 non
1222 2959 1494 3024 dubium
1551 2961 1708 3042 erit,
1779 2961 1938 3047 quin
1994 2960 2200 3025 multa
2256 2984 2295 3026 a
2352 2958 2636 3026 Publilio
2694 2983 2966 3047 prorsus

678 3065 1099 3130 abhorreant:
1157 3063 1470 3127 octonarii
1515 3061 1804 3144 iambici,
1852 3084 2013 3148 quos
2059 3063 2396 3128 constituit
2438 3060 2849 3127 Ribbeckius
2895 3068 2967 3127 v.

679 3168 804 3233 816
855 3175 919 3230 et
963 3165 1119 3248 830,
1179 3185 1327 3228 cum
1382 3172 1639 3249 poetam
1694 3165 1965 3228 senariis
2020 3174 2273 3230 tantum
2315 3173 2429 3229 aut
2471 3164 2786 3243 trimetris
2832 3173 2965 3230 tro-

679 3268 919 3333 chaicis
963 3258 1153 3331 usum
1198 3286 1341 3329 esse
1387 3274 1670 3349 constet3
1727 3267 2190 3331 sententiarum
2233 3264 2517 3330 ambitus
2562 3288 2693 3331 non
2736 3267 2965 3350 singu-

676 3369 886 3435 lorum
950 3389 1259 3431 versuum
1320 3366 1558 3431 finibus
1639 3368 2198 3454 circumscriptuS,
2284 3367 2399 3432 sed
2462 3366 2808 3454 ampliatus
2874 3367 2968 3430 ad

675 3469 941 3537 modum
983 3470 1174 3534 unius
1231 3466 1461 3533 versus
1507 3490 1652 3532 cum
1698 3469 2002 3553 dimidio,
2062 3492 2126 3533 v.
2172 3469 2316 3534 818.
2363 3469 2488 3535 839
2532 3466 2755 3551 Ribb.;
2817 3491 2966 3555 par-

593 3644 598 3650 ,
675 3570 877 3639 ticula
919 3573 1088 3636 enim
1122 3570 1309 3636 initio
1342 3591 1571 3634 versus
1602 3572 1836 3657 posita,
1884 3571 2010 3636 830
2038 3571 2237 3637 Ribb.
2327 3570 2538 3651 Quid!
2585 3568 2758 3656 quod
2791 3571 2965 3635 chri-

679 3676 952 3739 stianam
1020 3671 1214 3737 fidem
1280 3673 1542 3759 sapiunt
1606 3674 1889 3739 carnalis
1951 3675 2262 3755 cupiditas
2328 3681 2391 3736 et
2451 3674 2742 3737 dominus
2807 3670 2962 3735 κατ’

680 3774 918 3859 ἐξοχὴν
972 3773 1470 3859 intelligendus,
1541 3783 1804 3839 nostrae
1849 3768 2153 3841 editionis
2199 3796 2264 3838 v.
2311 3773 2456 3838 669.
2502 3774 2647 3838 676.
2737 3772 2966 3853 Quare

678 3877 895 3941 omnia
951 3896 1024 3939 eo
1069 3874 1415 3957 inclinant,
1473 3884 1547 3939 ut
1591 3877 1945 3941 sententias
1991 3875 2379 3939 Turicenses
2424 3883 2537 3939 aut
2582 3873 2830 3963 duplici
2874 3898 2966 3939 ex

675 3979 856 4043 fonte
898 3977 1197 4061 haustas,
1244 3986 1386 4059 aut,
1435 3978 1494 4041 si
1538 4000 1760 4042 omnes
1806 3977 2071 4043 fuerunt
2113 3975 2553 4060 Publilianae‚
2605 3977 2767 4042 adeo
2819 3979 2963 4042 exi-

676 4082 1008 4145 stimemus
1055 4088 1389 4167 corruptas
1435 4088 1500 4143 et
1542 4077 1966 4167 interpolatas
2013 4099 2184 4161 esse,
2241 4089 2313 4144 ut
2358 4079 2441 4144 de
2484 4081 2566 4143 iis
2610 4080 2966 4144 restituen-

676 4179 779 4247 dis
825 4180 1303 4270 desperandum
1347 4181 1453 4246 sit.

845 4285 945 4367 Ne
991 4306 1096 4348 eos
1144 4283 1409 4370 quidem
1441 4304 1691 4367 versus,
1739 4304 2009 4372 quorum
2048 4293 2326 4349 metrum
2367 4304 2595 4349 sanum
2637 4293 2755 4366 est,
2804 4304 2966 4350 cau·

676 4394 778 4451 tus
825 4378 1037 4452 editor
1076 4387 1249 4450 inter
1293 4382 1697 4451 Publilianos
1754 4387 2041 4450 inserere
2083 4384 2290 4470 volet,
2351 4385 2468 4451 sed
2511 4384 2968 4451 Ribbeckium

675 4474 851 4551 recte
916 4487 1150 4552 fecisse
1207 4486 1518 4572 arbitror,
1581 4488 1755 4575 quod
1814 4511 1920 4554 eos
1982 4489 2333 4576 separatim
2396 4488 2630 4576 posuit.
2719 4487 2968 4555 Eidem
