3209 5184
639 435 759 498 112
1267 448 1578 496 PUBLILH
1626 448 1782 496 st
1829 447 2291 495 ΒΕΝΤΕΝΤΙΑΕ.

629 622 761 662 prov.
804 607 875 666 ut
916 621 1233 665 summum
1277 601 1506 665 bonum
1553 619 1930 683 occupemuS,
1975 602 2252 664 serutari
2281 605 2501 683 peetus
2532 601 2726 682 piyet.

806 703 1128 782 ‚Virtutem
1172 704 1351 767 euius
1367 723 1773 786 proyressum
1802 702 2052 784 videriS,
2095 722 2174 766 ne
2203 704 2437 766 emitum
2466 703 2600 766 eius
2629 703 2937 784 desperes,

801 804 939 869 Ubi
986 803 1122 867 fata
1166 812 1458 891 peccant,
1504 803 1837 868 hominum
1884 800 2160 867 consilia
2215 801 2548 867 excidunt.

637 915 761 972 630
806 904 1129 993 Voluptas
1177 927 1210 967 e
1257 902 1514 972 difficili
1563 903 1716 969 data
1761 902 2141 967 dulcissima
2185 913 2303 968 est.

806 1007 939 1071 Ubi
986 1007 1192 1071 omnis
1240 1007 1379 1070 vita
1423 1014 1633 1070 metus
1681 1014 1801 1088 est,
1850 1027 2023 1069 mors
2071 1013 2173 1069 est
2217 1007 2479 1091 optima.

800 1109 987 1174 Unus
1036 1108 1174 1172 dies
1198 1125 1496 1194 'poenam
1539 1106 1776 1190 adfert,
1823 1104 2015 1171 multi
2060 1107 2370 1191 cogitant.

807 1209 945 1274 Ubi
989 1217 1216 1297 peccat
1259 1216 1439 1273 aetas
1485 1209 1714 1291 maior,
1760 1207 1926 1272 male
1972 1207 2167 1272 discit
2209 1210 2438 1274 minor.

802 1311 939 1376 Ubi
983 1309 1079 1374 nil
1125 1312 1410 1391 timetur,
1460 1308 1633 1395 quod
1678 1311 1983 1374 timeatur
2026 1312 2337 1374 nascitur.

637 1421 756 1480 635
805 1413 957 1478 ‘Ubi
1003 1413 1092 1478 sis
1142 1433 1288 1475 cum
1332 1413 1461 1476 tuis
1508 1422 1572 1475 et
1616 1409 1815 1492 absis,
1861 1412 2142 1497 patriam
2186 1434 2314 1477 non
2361 1412 2715 1478 desideres,

808 1513 1054 1578 Verum
1100 1523 1220 1595 est,
1268 1511 1439 1599 quod
1487 1534 1605 1600 pro
1652 1514 1858 1577 salute
1902 1512 1977 1577 fit
2020 1513 2451 1579 mendacium.

810 1615 1228 1701 Ubicumque
1273 1613 1484 1702 pudor
1529 1623 1649 1696 est,
1698 1635 1951 1700 semper
1997 1614 2092 1679 ibi
2138 1624 2362 1680 sancta
2406 1624 2505 1680 est
2547 1615 2734 1680 fides.

810 1713 1107 1803 (Utilius
1140 1737 1301 1780 veru
1338 1718 1437 1779 est
1481 1716 1552 1779 in
1582 1714 1783 1799 sulco,
1832 1719 2026 1802 quam
2057 1719 2282 1802 gravis
2311 1716 2502 1802 galea
2530 1718 2598 1780 in
2628 1716 2941 1804 proelio.)

805 1818 942 1884 Ubi
987 1819 1298 1883 innocens
1345 1817 1680 1900 formidat,
1728 1818 1992 1882 damnat
2034 1818 2339 1883 iudicem.

637 1928 761 1987 640
809 1918 1133 1984 Voluntas
1180 1917 1603 2005 impudicum,
1651 1941 1781 1983 non
1826 1941 2057 2007 corpus
2103 1920 2281 1986 facit.

815 2021 1066 2087 Virtuti
1109 2009 1342 2085 mel'ius
1387 2042 1579 2108 quarn
1627 2020 1924 2087 fortunae
1969 2022 2275 2087 creditur.

812 2123 1104 2188 Verbum
1150 2144 1337 2189 omne
1381 2122 1603 2206 refert,
1651 2125 1721 2188 in
1765 2145 1957 2210 quam
2003 2133 2250 2211 partem
2296 2122 2661 2207 intellegas.

811 2226 1043 2291 Virum
1088 2224 1324 2290 bonum
1371 2234 1627 2309 natura,
1673 2247 1803 2290 non
1847 2225 2005 2291 ordo
2049 2226 2227 2290 facit.

807 2326 946 2392 Ubi
993 2328 1208 2414 coepit
1252 2348 1500 2413 pauper
1545 2326 1820 2391 divitem
1866 2329 2130 2411 imitari,
2177 2329 2366 2414 perit.

641 2437 763 2495 645
808 2429 1119 2495 Veterem
1163 2427 1430 2493 ferendo
1475 2429 1779 2494 iniuriam
1824 2430 2065 2494 invites
2109 2450 2369 2495 novam.

636 2724 905 2768 comens
950 2706 1202 2764 Proverb.
1236 2709 1399 2764 PRF
1427 2706 1593 2782 (EC),
1641 2727 1688 2764 v.
1723 2707 2087 2772 629—653;
2115 2709 2189 2778 „F
2212 2707 2349 2781 (Τπ)

639 2861 934 2916 evertimus
983 2860 1140 2918 Vino.
1334 2859 1451 2918 146
1496 2863 1649 2936 piget
1679 2860 1782 2917 FC
1822 2862 1978 2922 Vino.
2013 2880 2100 2934 sp.
2134 2865 2189 2919 d.
2223 2861 2292 2932 5,
2327 2862 2435 2925 61:
2481 2863 2631 2936 pegit
2655 2861 2736 2933 P,
2776 2862 2940 2934 piegt

633 2945 687 3001 R
868 2943 981 3001 147
1030 2962 1096 3002 ne
1129 2945 1264 3002 PR.-
1301 2963 1411 3001 non
1442 2946 1514 3018 F,
1547 2946 1629 3016 cf.
1656 2964 1822 3018 prov.
1859 2946 1976 3002 121
2162 2948 2213 3002 ei
2244 2948 2327 3003 Pb
2524 2945 2790 3022 finemque
2821 2963 2933 3001 om.

633 3031 690 3088 F
859 3029 1089 3104 disperis
1120 3031 1265 3088 PbR
1468 3031 1591 3089 630
1635 3029 1872 3087 edifficili
1904 3032 1975 3102 F,
2021 3031 2269 3088 voluntas
2312 3048 2376 3087 ex
2409 3032 2460 3088 d.
2497 3031 2655 3087 datur
2686 3028 2937 3085 dulcissi-

638 3130 723 3171 me
755 3132 800 3169 π
988 3115 1104 3172 631
1157 3116 1262 3171 vita
1297 3115 1542 3172 Gruter.-
1588 3117 1727 3173 vitae
1758 3117 1855 3171 Γπ
2026 3125 2205 3172 motus
2236 3135 2280 3172 π
2452 3118 2712 3189 optimum
2743 3114 2937 3170 Bothe

837 3198 956 3256 632
1005 3199 1085 3272 cf.
1123 3219 1169 3258 v.
1204 3199 1323 3258 609
1526 3201 1642 3257 dies
1676 3201 1918 3258 Gruter.-
1957 3200 2091 3257 deus
2122 3201 2195 3273 F,
2239 3208 2576 3273 corruptum
2618 3207 2677 3257 ut
2720 3219 2769 3256 v.
2803 3198 2935 3256 480

808 3282 963 3338 mulii
995 3285 1239 3341 Gruter.-
1272 3302 1428 3359 quam
1461 3285 1617 3341 multi
1647 3286 1721 3358 F,
1755 3286 1837 3359 cf.
1866 3304 1962 3360 pq.
2006 3286 2090 3344 50
2262 3286 2383 3344 633
2429 3304 2492 3341 π.
2551 3284 2647 3340 Ubi
2676 3292 2935 3340 senectus

637 3377 856 3443 peccat,
889 3366 952 3423 ad
989 3385 1147 3441 quem
1178 3367 1383 3443 refugit
1413 3370 1710 3444 sapientia?
1740 3372 1795 3427 R
1987 3369 2107 3428 634
2153 3366 2189 3404 *
2220 3371 2296 3427 nil
2326 3372 2574 3427 timetur:
2615 3368 2749 3425 nihil
2778 3376 2821 3424 t.
2860 3370 2929 3441 T,

636 3461 676 3509 t.
722 3452 852 3510 nihil
884 3452 956 3524 F,
1002 3453 1082 3526 cf.
1128 3471 1225 3526 pq.
1262 3454 1341 3512 56
1558 3454 1680 3512 635
1728 3464 1786 3511 ut
1829 3454 1970 3511 absis
2002 3456 2189 3513 Bothe
2228 3459 2288 3512 in
2330 3458 2522 3514 adnot.
2568 3455 2671 3510 etsi
2711 3470 2758 3509 a.
2790 3455 2934 3511 Rib-

635 3538 874 3595 beckius
1003 3554 1112 3594 non
1146 3537 1333 3595 Bothe
1362 3543 1419 3596 in
1454 3541 1648 3599 adnot.
1682 3557 1787 3597 om.
1819 3540 1877 3595 F
2022 3540 2142 3598 636
2188 3542 2460 3614 Diphilus
2490 3559 2587 3613 ap.
2622 3538 2933 3596 Stobaenm

644 3621 746 3694 12,
783 3622 889 3680 12:
936 3607 1340 3698 ὑπολαμβάνω
1385 3611 1449 3679 τὸ
1488 3619 1714 3696 ψεῦδος
1756 3617 1851 3679 ἐπὶ
1892 3621 2148 3706 σωτηρίᾳ
2179 3617 2523 3701 Λεγόμενον
2561 3615 2739 3681 οὐδὲν
2769 3640 2934 3697 περι-

635 3707 947 3763 ποιεῖσθαι
992 3701 1266 3781 δυσχερές
1467 3708 1527 3767 fit
1567 3710 1889 3785 plerumque
1931 3727 2003 3767 m.
2052 3712 2127 3782 T,
2172 3728 2218 3764 v.
2263 3729 2333 3767 m.
2380 3712 2440 3767 fit
2479 3728 2579 3786 pro
2621 3728 2663 3765 S.
2707 3726 2752 3763 π

638 3791 758 3850 637
809 3799 894 3847 est
940 3789 1073 3848 fides
1111 3792 1374 3867 Inqolsta
1416 3793 1548 3851 fides
1578 3796 1661 3859 F;
1702 3813 1756 3851 u.
1787 3813 1844 3869 p.
1877 3794 1949 3850 ibi
1980 3804 2036 3851 et
2065 3795 2104 3850 s.
2135 3811 2182 3850 π
2382 3796 2503 3854 638
2550 3796 2812 3852 Servavit
2842 3811 2936 3851 so—

636 3879 733 3934 lus
768 3894 813 3932 π
984 3871 1020 3909 '⁸
1052 3893 1179 3933 veru
1212 3887 1326 3934 est:
1359 3886 1443 3934 est
1474 3897 1603 3937 vero
1634 3896 1680 3936 π
1852 3879 1974 3938 639
2020 3880 2236 3936 damnat
2265 3880 2492 3936 iudicem
2527 3882 2771 3937 Gruter.-
2813 3880 2847 3934 i.
2881 3878 2935 3935 d.

638 3962 740 4017 Γπ
916 3959 1039 4019 640
1084 3961 1335 4018 voluntas
1369 3963 1612 4021 Gruter.-
1643 3964 1891 4039 voluptas
1921 3966 1991 4021 F.
2078 3963 2165 4038 Cf.
2199 3965 2329 4022 Sen.
2362 3964 2613 4021 Phaedr.
2648 3964 2766 4022 743
2796 3964 2932 4020 Pei-

630 4062 750 4120 ρει*
779 4044 883 4120 (==
915 4046 1156 4120 Hippoi.
1192 4046 1312 4105 735
1348 4045 1552 4118 Bothe)
1596 4046 1771 4105 ‘mens
1814 4049 2131 4125 impudicam
2173 4049 2351 4106 facere
2390 4067 2501 4105 non
2542 4066 2696 4105 casus
2736 4049 2936 4116 solet'3

636 4148 716 4190 ne
748 4139 941 4190 tamen
974 4135 1243 4206 corr-6908
1272 4149 1427 4189 casus
1459 4131 1515 4205 (i.
1536 4149 1595 4190 .e.
1631 4129 1915 4208 occasio),
1947 4135 2030 4208 cf.
2061 4135 2183 4192 liv.
2220 4137 2278 4206 1,
2311 4135 2413 4206 58,
2447 4135 2483 4191 9
2526 4133 2780 4192 ‘mentem
2809 4150 2938 4208 pec·

633 4234 775 4290 care,
806 4233 917 4275 non
948 4217 1173 4291 corpus’
1203 4225 1260 4275 et
1292 4237 1340 4276 v.
1373 4216 1491 4276 481
1669 4219 1997 4293 impudicum
2028 4235 2138 4275 non
2172 4219 2341 4292 Casp.
2382 4220 2563 4276 Orelli
2577 4244 2592 4276 .·
2636 4235 2747 4274 non
2775 4218 2935 4292 pudi-

637 4319 763 4359 cum
797 4303 855 4360 F
1022 4301 1145 4360 «344
1191 4302 1282 4376 Cf.
1316 4303 1571 4360 phaedr.
1609 4303 1664 4374 1,
1692 4303 1795 4375 26,
1822 4305 1854 4360 1
1888 4301 2073 4378 ‘Inops
2103 4312 2383 4377 potentem
2414 4305 2540 4361 dum
2573 4303 2688 4360 vult
2717 4305 2934 4376 imitari,

646 4386 835 4461 perit'.
922 4404 1127 4463 pauper
1168 4386 1384 4444 divitem
1419 4389 1663 4446 Gruter.-
1706 4386 1758 4446 (1.
1791 4406 1845 4463 p.
1877 4390 1948 4452 F,
1993 4387 2083 4445 ubi
2111 4406 2165 4463 p.
2194 4387 2248 4445 d.
2289 4389 2495 4463 ceperit
2524 4389 2557 4445 i.
2589 4407 2645 4462 p.
2676 4406 2722 4443 π

637 4470 760 4529 645
809 4473 1030 4530 Gellius
1064 4472 1161 4535 17,
1200 4471 1309 4544 14,
1356 4471 1623 4530 Mae-rob.
1656 4473 1780 4531 Sat.
1814 4471 1884 4538 2,
1921 4474 1978 4534 7.
2020 4476 2151 4531 Joa.
2198 4473 2434 4531 Sar-osb.
2471 4474 2681 4531 Policr.
2713 4475 2785 4547 8,
2823 4473 2933 4543 143
