3209 5184
1206 448 1754 509 PROLEGOMENA.
2586 436 2627 499 9

436 622 446 630 ·
509 601 582 668 Si
613 601 817 666 verba
846 600 1047 665 Plinii
1079 610 1142 666 et
1171 600 1496 667 Macrobii
1524 612 1700 667 rccte
1740 603 2204 691 interpretatus
2236 625 2401 687 sum,
2447 613 2627 692 patet

334 702 696 767 Publilium
752 703 1096 790 scripsisse
1150 701 1336 766 illum
1380 703 1645 789 quidem
1690 705 1955 786 mimos,
2014 705 2132 808 s‘ed
2174 705 2377 770 multo
2423 708 2624 771 maio-

333 827 475 869 rem
528 803 805 889 gloriam
851 826 925 870 eo
972 813 1392 889 consecutum
1437 828 1609 887 esse,
1670 806 1843 894 quod
1889 828 1997 871 eos
2045 808 2308 891 egregie
2354 829 2626 873 scaenae

333 907 852 971 accommodavit
906 915 1102 994 atque
1155 908 1296 994 ipse
1350 909 1591 995 primas
1628 917 1864 995 «partes
1921 930 2118 993 agere
2173 919 2623 975 consueverat.

337 1008 599 1095 Syriam
641 1010 710 1072 in
755 1029 882 1096 qua
926 996 1114 1073 natus
1161 1017 1321 1092 erat,
1368 1018 1622 1075 constat
1665 1010 1795 1073 iam
1828 1009 2100 1075 Publilii
2145 1019 2358 1076 aetate
2403 1020 2467 1077 et
2510 1035 2622 1099 po-

335 1120 510 1176 stero
557 1132 811 1197 quoque
851 1119 1143 1197 tempore
1171 1110 1545 1192 abundasse
1575 1110 1878 1176 omnibus
1907 1111 2207 1186 luxuriae
2235 1113 2625 1178 instrumen-

255 1288 265 1300 ‚
335 1214 444 1294 tis,
476 1212 861 1298 praesertim
891 1211 1340 1277 histrionibus.
1411 1212 1517 1277 Of.
1549 1213 1871 1298 Philolog.
1904 1214 2009 1296 22,
2039 1214 2186 1279 443.
2249 1215 2629 1281 Accedebat

337 1315 467 1378 huc
508 1314 758 1397 ingenii
803 1313 1120 1399 quaedam
1166 1314 1455 1379 sollertia
1483 1337 1559 1378 ac
1591 1315 1944 1398 festivitas,
1990 1317 2254 1404 propria
2283 1315 2397 1380 illa
2427 1316 2625 1403 Syro-

336 1438 482 1479 rum
547 1437 622 1479 ac
680 1416 1028 1502 praecipue
1095 1416 1673 1500 Antiochensium3
1746 1416 2100 1482 accedebat
2163 1418 2627 1505 extemporalis

337 1516 652 1598 facilitas,
699 1538 827 1602 qua
868 1516 1212 1601 Archiam,
1260 1519 1381 1605 qui‘
1416 1527 1481 1582 et
1526 1520 1668 1605 ipse
1711 1518 2175 1584 Antiochensis
2220 1519 2380 1603 fuit,
2427 1520 2627 1585 incla-

336 1619 550 1683 ruisse
602 1617 990 1704 accepimus.
1080 1617 1182 1684 Cf.
1229 1619 1367 1685 Cic.
1425 1643 1542 1707 pro
1588 1614 1789 1686 Arch.
1836 1624 1875 1702 ξ
1918 1621 1981 1685 4.
2032 1621 2130 1685 18.
2189 1619 2470 1701 Quintil.
2522 1624 2628 1705 10,

339 1723 400 1803 7,
439 1721 540 1785 19.
629 1718 809 1800 Quid
837 1721 1093 1801 mirum,
1126 1721 1506 1806 Publilium,
1550 1723 1851 1788 versibus
1882 1722 2204 1807 fingendis
2236 1732 2628 1810 promptum,

336 1820 612 1907 agendis
657 1821 872 1885 mimis
920 1821 1330 1906 excelluisse,
1376 1825 1461 1893 in.
1490 1822 1729 1910 quibus
1772 1823 1976 1891 multa
2006 1846 2092 1888 ex
2119 1834 2410 1912 tempore
2440 1825 2631 1889 fundi

339 1923 537 1990 solita
580 1942 724 1987 esse
766 1923 1114 1988 admodum
1161 1924 1516 1989 verisimile
1560 1934 1681 1990 est.
1770 1925 1931 1990 Eius
1976 1927 2136 1991 artis
2182 1936 2247 1992 et
2291 1926 2622 1993 facultatis

339 2024 590 2089 clarum
643 2022 827 2089 dedit
881 2026 1212 2112 specimen
1272 2048 1440 2091 anno
1501 2048 1559 2090 a.
1606 2026 1762 2092 Chr.
1820 2027 2319 2114 quadragesimo
2376 2029 2626 2116 quint0,

339 2150 489 2193 cum
533 2127 806 2208 Caesar,
852 2126 1131 2201 dictator
1173 2129 1244 2193 in
1286 2138 1680 2221 perpetuum*
1719 2138 2007 2213 creatus,
2054 2131 2408 2217 imperator
2451 2130 2633 2195 idem

339 2240 405 2294 et
451 2227 681 2294 consul
735 2230 805 2293 in
850 2228 1075 2292 decem
1117 2251 1350 2310 annos,
1411 2252 1537 2317 quo
1581 2232 1957 2294 memoriam
2010 2231 2390 2295 imminutae
2434 2231 2628 2297 liber-

334 2333 495 2396 tatis
526 2329 806 2412 tolleret,
849 2332 1527 2415 magnificentissimos
1558 2330 1746 2396 ludos
1778 2333 2142 2419 apparavit.
2231 2332 2399 2397 Tum
2428 2335 2634 2419 igitur

224 2475 231 2486 ·
335 2431 718 2513 Laberium,
765 2453 1036 2519 asperae
1076 2432 1399 2517 libertatis
1445 2434 1730 2517 equitem
1760 2433 2145 2517 Romanum,
2192 2457 2398 2520 paene
2443 2457 2630 2500 sexa-

333 2535 709 2622 genarium,
758 2534 1130 2620 quingentis
1177 2534 1441 2607 milibus
1486 2535 1830 2618 invitavit,
1888 2544 1963 2599 ut
2005 2535 2297 2622 prodiret
2340 2537 2406 2600 in
2449 2558 2626 2601 scae-

336 2648 496 2701 nam
541 2645 606 2700 et
649 2636 790 2722 ipse
834 2644 1058 2721 ageret
1100 2637 1353 2718 mimos,
1400 2658 1561 2723 quos
1603 2636 2048 2724 scriptitabat3
2098 2659 2216 2701 nec
2247 2659 2373 2702 non
2406 2638 2628 2702 Publi-

336 2738 504 2803 lium
547 2737 823 2804 Romam
874 2737 1151 2820 accivit,
1209 2747 1282 2803 ut
1336 2759 1482 2802 cum
1525 2737 1809 2804 Laberio
1864 2747 2194 2803 certamen
2237 2740 2468 2821 iniret,
2527 2740 2634 2804 cui

338 2841 687 2905 certamini
741 2860 811 2903 se
854 2837 1148 2904 adfuisse
1202 2840 1345 2927 ipse
1389 2839 1617 2904 Cicero
1674 2839 1905 2905 scribit
1947 2841 2017 2904 in
2061 2840 2318 2929 epistul.
2364 2838 2479 2905 lib.
2530 2842 2629 2925 12,
2709 2918 2714 2925 Ο

346 2942 449 3006 18.
515 2939 836 3006 Publilius
883 2962 1029 3005 cum
1074 2943 1489 3027 omnes„qui‘
1523 2951 1679 3006 tunc
1722 2942 1964 3028 scripta
1997 2951 2073 3007 'et
2117 2964 2345 3030 operas
2380 2964 2531 3007 suas
2562 2944 2632 3007 in

339 3064 650 3108 scaenam
692 3041 1014 3125 locabant,
1059 3051 1495 3130 provocasset,
1541 3053 1616 3107 ut
1660 3043 1903 3128 singuli
1948 3064 2169 3107 secum
2212 3044 2427 3131 posita
2461 3046 2631 3108 invi-

341 3166 489 3209 cem
531 3144 804 3213 materia
833 3167 950 3232 pro
991 3154 1281 3231 tempore
1312 3144 1800 3227 contenderent,
1845 3144 2022 3211 nullo
2062 3154 2401 3210 recusante
2446 3168 2633 3233 supe-

337 3246 522 3310 ravit
565 3266 810 3326 omneS,
856 3246 927 3310 in
969 3248 1113 3333 quis
1161 3254 1224 3310 et
1267 3246 1653 3310 Laberium:
1700 3247 1876 3311 unde
1906 3246 2151 3312 Caesar
2178 3246 2475 3312 arridens
2508 3247 2632 3313 hoc

340 3345 539 3412 modo
584 3348 1033 3434 pronuntiavit

722 3488 981 3548 Favente
1021 3489 1128 3548 tibi
1169 3507 1260 3548 me
1302 3492 1487 3549 vietus
1528 3508 1617 3559 es,
1657 3489 1909 3559 Laberi,
1955 3510 1994 3549 a
2034 3490 2183 3565 Syro

342 3653 699 3738 statimque
743 3651 1028 3717 Publilio
1089 3651 1372 3739 palmam
1415 3661 1480 3718 et
1521 3653 1805 3721 Laberio
1861 3653 2126 3718 anulum
2180 3675 2444 3718 aureum
2489 3676 2638 3719 cum

343 3754 722 3841 quingentis
768 3753 1086 3819 sestertiis
1132 3752 1335 3818 dedit.

518 3855 640 3922 Oui
695 3856 1081 3939 narrationi,
1141 3878 1335 3943 quam
1378 3856 1464 3920 ad
1508 3857 1782 3922 verbum
1828 3857 1967 3921 fere
2012 3878 2098 3921 ex
2139 3856 2476 3945 Macrobio
2524 3857 2632 3920 de-

341 3958 758 4044 scripsimus,
804 3979 1009 4045 pauca
1051 3957 1241 4023 nobis
1288 3967 1439 4023 sunt
1484 3958 1806 4023 addenda.
1895 3959 1997 4023 Ac
2039 3960 2321 4046 primum
2366 3958 2631 4043 quidem

340 4058 772 4127 admiratione
829 4060 1099 4144 dignum
1156 4059 1442 4146 prudens
1488 4060 1787 4126 Caesaris
1841 4058 2216 4143 consilium,
2287 4061 2431 4146 qui,
2490 4082 2637 4124 cum

343 4161 528 4224 mimi
583 4159 760 4247 plebi
803 4161 1141 4248 spectandi
1195 4161 1470 4248 cupidae
1516 4170 1735 4227 essent
1777 4162 2096 4247 gratiores
2141 4162 2478 4247 magisque
2520 4182 2624 4224 ac-

347 4262 522 4350 cepti
585 4284 776 4348 quam
821 4263 977 4328 serii
1020 4263 1388 4348 argumenti
1433 4262 1725 4347 fabulae,
1785 4264 2060 4328 tunicati
2103 4261 2327 4350 populi
2370 4262 2636 4326 auribus

345 4364 621 4428 nimium
667 4363 804 4428 fere
848 4363 1142 4447 indulsit,
1191 4363 1537 4430 dummodo
1581 4366 1860 4450 gratiam
1905 4364 2035 4429 sibi
2079 4372 2438 4451 quaereret.
2526 4363 2638 4427 Ex

349 4464 566 4533 Gellio
614 4466 757 4551 (17,
809 4465 917 4551 14)
976 4464 1213 4530 deinde
1266 4465 1739 4549 adnotandum,
1799 4466 2155 4531 Laberium
2198 4466 2294 4530 rei
2338 4464 2637 4552 publicae
