3209 5184
607 449 729 515 144
1511 464 1604 512 m:
1651 463 1979 515 Momssus.

648 626 745 685 98.
796 616 1293 699 Quietissimam
1349 618 1553 683 vitam
1611 625 1883 703 agerent
1926 617 2221 683 homines
2265 618 2336 681 in
2379 617 2606 700 terris,
2664 619 2720 681 si
2765 616 2897 681 duo

796 719 958 784 haec
1002 719 1203 785 verba
1249 741 1283 800 e
1326 728 1561 785 natura
1605 741 1821 784 rerum
1866 718 2275 786 tollerentur:
2321 740 2535 785 meum
2582 727 2648 783 et
2689 728 2896 785 tuum.

648 828 746 886 99.
795 819 931 903 Qui
975 829 1425 909 paupertatem
1468 823 1678 904 timet,
1731 844 1924 909 quam
1966 821 2236 886 timidus
2279 821 2415 886 est!

604 931 744 990 100.
791 922 986 988 Vires
1031 930 1175 989 tuas
1220 923 1413 987 amici
1456 923 1553 988 tui
1595 924 1809 1008 magis
1856 923 2142 989 sentiant
2187 921 2521 987 beneficiis
2567 942 2761 1008 quam
2788 922 2892 987 in-

792 1025 1073 1090 iniuriis.

609 1133 745 1192 101.
793 1126 1082 1191 Pecunia
1124 1148 1256 1191 non
1302 1127 1497 1191 satiat
1540 1125 1885 1230 avaritiam
1900 1175 1920 1210 ‚
1972 1127 2090 1191 sed
2132 1126 2379 1208 irritat,
2427 1134 2492 1191 et
2533 1124 2682 1190 ideo
2727 1145 2898 1190 sem-

794 1250 912 1315 per
954 1228 1231 1312 indiget.

607 1337 744 1396 102.
790 1329 1078 1394 Pecunia
1122 1331 1181 1394 si
1224 1329 1350 1394 tibi
1397 1338 1517 1413 est,
1565 1331 1764 1411 †eius
1808 1350 2009 1394 usura
2053 1328 2363 1394 moribus.

606 1438 743 1497 103.
792 1430 962 1495 Mihi
1007 1431 1232 1496 crede:
1280 1454 1411 1496 non
1454 1438 1638 1517 potes
1687 1452 1829 1495 esse
1873 1430 2061 1497 dives
2109 1439 2172 1496 et
2215 1429 2401 1496 felix.

607 1539 746 1599 104.
795 1531 1088 1597 Auribus
1112 1532 1540 1618 ‚frequentius
1585 1553 1779 1618 quam
1823 1530 2049 1618 lingua
2090 1540 2294 1597 utere.

605 1640 740 1700 105.
790 1632 1132 1720 Quidquid
1180 1635 1471 1700 dicturus
1519 1654 1610 1715 es,
1656 1642 2002 1720 antequam
2047 1631 2220 1717 aliis,
2265 1633 2389 1699 tibi
2436 1634 2658 1700 dicito,

602 1742 744 1802 106.
791 1734 980 1800 Nihil
1036 1737 1308 1801 interest
1364 1737 1534 1801 inter
1589 1736 1825 1800 iratum
1849 1738 1936 1801 'et
1987 1737 2290 1818 insanum
2332 1735 2463 1800 nisi
2505 1758 2674 1801 unus
2719 1736 2898 1801 dies:

791 1836 959 1902 alter
1003 1858 1260 1924 semper
1302 1837 1567 1918 insanit,
1613 1836 1780 1903 alter
1825 1836 1980 1901 dum
2024 1837 2347 1922 irascitur.

605 1945 740 2004 107.
789 1938 1134 2004 Facillime
1188 1939 1377 2005 bonis
1434 1938 1708 2019 frueris,
1767 1939 1825 2002 si
1870 1959 1944 2004 ea
1988 1939 2310 2005 vitaveris
2351 1960 2518 2024 quae
2563 1940 2897 2026 vitupera-

789 2042 988 2106 veris.

603 2148 745 2207 108.
793 2141 961 2207 Cum
1005 2140 1168 2208 alios
1212 2143 1533 2220 timueris,
1579 2152 1728 2207 tum'
1763 2150 1828 2207 te
1870 2144 2086 2229 ipsum
2119 2143 2404 2206 maxime
2436 2162 2694 2207 verere:
2742 2164 2900 2208 nam

794 2244 934 2309 sine
978 2242 1126 2310 aliis
1172 2267 1364 2333 saepe
1411 2263 1565 2310 esse.
1598 2253 1803 2331 potes,
1852 2246 1993 2309 sine
2036 2252 2103 2309 te
2145 2265 2520 2330 numquam.

601 2351 738 2410 109.
788 2346 861 2412 Si
906 2345 1074 2411 bene
1119 2355 1185 2411 te
1228 2347 1644 2430 instruxeris,
1690 2345 1934 2432 pudeat
1975 2355 2043 2411 te
2088 2346 2411 2411 deteriora
2454 2346 2692 2411 facere.

763 2623 843 2681 98
889 2623 1172 2680 Aristides
1201 2623 1272 2680 ΙΙ
1293 2641 1388 2697 pq.
1424 2623 1543 2681 331
1589 2608 1654 2678 τὸ
1685 2612 1798 2698 γὰρ
1831 2613 1903 2679 οὗ
1932 2610 1997 2679 τὸ
2029 2611 2139 2679 σὸν
2168 2620 2364 2694 τοῦτο,
2396 2611 2527 2679 ἀλλ’
2565 2610 2707 2695 ἐμὸν
2736 2608 2897 2698 ἆρχὴ

540 2708 548 2716 ’
595 2699 786 2785 πᾴσης
831 2704 1199 2779 φιλονεικίας
1372 2708 1449 2765 99
1498 2707 1769 2764 timendus
1813 2713 1997 2784 vulyo.
2088 2711 2250 2766 Lact.
2293 2713 2424 2765 inst.
2472 2709 2541 2781 6,
2577 2710 2654 2765 1'7
2699 2708 2899 2765 ‘Nemo

598 2791 836 2864 dubitat,
883 2795 1015 2867 quin
1044 2792 1216 2849 timidi
1247 2795 1319 2848 sit
1349 2794 1505 2848 animi
1539 2802 1783 2849 metuere
1812 2792 2154 2868 egestatem'.
2332 2794 2452 2851 100
2499 2795 2682 2851 Haud
2706 2797 2905 2850 imme-

594 2881 706 2934 rito
740 2877 993 2935 'Orellius
1019 2879 1175 2934 hanc
1205 2881 1547 2935 sententiam
1571 2879 1652 2934 ad
1677 2893 1865 2936 mores
1889 2881 2239 2936 christianos
2261 2880 2745 2936 accommodatam
2764 2894 2902 2936 esse

596 2970 814 3035 censet,
848 2980 977 3020 cum
998 2966 1256 3036 przstina
1282 2963 1480 3036 forma
1514 2965 1782 3021 videatur
1804 2964 2029 3036 fuisse.-
2073 2964 2224 3020 Vires
2258 2972 2376 3020 tuas
2408 2963 2564 3020 amici
2592 2962 2900 3036 beneficii8‚

592 3048 790 3103 inimici
831 3048 1039 3103 iniuriis
1071 3049 1325 3104 sentiant.
1418 3048 1507 3120 Cf.
1545 3049 1809 3142 Xenoph.
1844 3050 2085 3106 Memor.
2121 3049 2294 3121 2,3,
2331 3048 2436 3104 14.
2483 3044 2757 3104 πλείστου
2792 3044 2895 3102 δο-

591 3132 685 3187 κεῖ
710 3119 868 3206 ἀνὴρ
900 3125 1149 3189 ἐπαίνου
1177 3121 1339 3201 ἄξιος
1369 3120 1592 3203 εἶναιῆ
1576 3122 1642 3199 dg·
1670 3150 1749 3187 αν
1779 3125 1995 3211 φθάνῃ
2037 3149 2177 3200 τους
2205 3126 2318 3206 μὲν
2346 3130 2664 3208 πολεμίους
2693 3131 2901 3203 κακῶς

595 3212 818 3288 ποιῶν,
868 3234 1006 3284 τους
1050 3210 1114 3273 δὲ
1157 3212 1374 3291 φίλους
1415 3206 1758 3291 εὐεργετῶν.
1846 3219 2042 3276 Livius
2086 3219 2153 3289 7,
2185 3217 2299 3289 40,
2334 3219 2368 3275 7
2559 3217 2676 3276 101
2728 3219 2892 3276 Sent-

598 3302 770 3360 Sexti
789 3301 908 3359 137
943 3291 1309 3377 Inexplebilis
1341 3311 1426 3359 est
1456 3304 1631 3358 omnis
1663 3303 1948 3376 cupiditas,
1979 3310 2270 3377 propterea
2301 3312 2356 3359 et
2386 3319 2603 3379 semper
2632 3302 2894 3378 indiget'.

742 3385 862 3445 102
909 3388 1063 3443 cuius
1098 3402 1258 3443 usura
1287 3386 1507 3442 morbus
1541 3386 1713 3458 GSV,
1745 3391 1859 3444 nisi
1887 3390 2040 3462 quod
2084 3388 2133 3445 V
2156 3386 2347 3443 morbi.
2504 3388 2624 3445 103
2673 3387 2892 3446 Auson.

610 3471 728 3531 VII
751 3472 892 3544 Sap.
926 3470 988 3545 4,
1022 3470 1057 3527 2
1192 3470 1313 3528 104
1361 3471 1449 3562 Cf.
1483 3470 1519 3542 S
1552 3471 1610 3528 9.
1697 3429 1906 3529 'Antow
1943 3480 1997 3529 et
2028 3473 2195 3530 Max.
2228 3490 2326 3545 ap.
2364 3471 2654 3543 Omnium,
2688 3489 2894 3545 opusc.

592 3563 738 3614 sent.
773 3556 846 3629 2,
882 3515 1036 3629 146,
1069 3557 1137 3614 93
1182 3556 1304 3624 τοῖς
1351 3544 1453 3612 ὠσὶ
1487 3549 1665 3611 πλέον
1699 3573 1735 3627 η
1769 3552 1844 3634 τῇ
1871 3548 2100 3635 γλώττῃ
2131 3553 2633 3655 1903,Stob.slor.
2670 3557 2773 3631 36,
2811 3558 2893 3616 19

765 3641 882 3700 106
930 3643 1084 3699 Plut.
1119 3642 1351 3700 Catonis
1380 3645 1512 3699 mai.
1548 3644 1950 3717 apophtheym.
1989 3642 2065 3700 16
2109 3634 2212 3699 τὸν
2243 3630 2627 3717 ὀργιζόμενον
2658 3634 2896 3718 ἐνόμιζε

590 3723 699 3782 τοῦ
726 3720 1091 3799 μαινομένου
1120 3720 1310 3822 χρόνῳ
1343 3720 1669 3822 διαφέρειν.
1737 3727 2037 3784 Philemon
2070 3746 2165 3799 ap.
2201 3727 2352 3785 Stob.
2382 3731 2515 3801 flor.
2551 3727 2652 3801 20,
2685 3727 2724 3782 4
2752 3746 2891 3801 μαι-

590 3803 828 3883 νόμεθα
856 3801 1092 3877 πάντες,
1127 3801 1349 3868 ὁπόταν
1379 3800 1935 3885 ὀργιζοίμεθα,ι”ῠι’ἀ.
1971 3811 2072 3884 20,
2108 3812 2206 3870 68.
2268 3813 2398 3869 Sen.
2434 3816 2504 3869 de
2534 3813 2720 3883 irai,
2759 3813 2814 3883 1,
2847 3814 2888 3869 2

591 3895 841 3964 ‘Quidam
885 3911 949 3951 ex
996 3895 1327 3968 sapientibus
1369 3898 1495 3953 viris
1527 3898 1661 3952 iram
1691 3896 1944 3953 dixerunt
1972 3896 2186 3953 brevem
2217 3897 2523 3953 insaniam'.
2616 3897 2896 3954 Semiliter

592 3983 731 4039 Cato
763 3982 1097 4038 ebrietatem
1128 3982 1275 4038 dixit
1309 3997 1432 4038 esse
1465 3984 1851 4039 voluntariam
1881 3986 2200 4055 insaniam,
2243 3983 2524 4039 Ammian.
2555 3982 2748 4038 Marc.
2788 3981 2894 4055 15,

596 4066 694 4138 12,
727 4065 789 4138 4,
824 4066 962 4124 Seu.
997 4069 1159 4138 epist.
1194 4065 1431 4137 83,18.
1492 4066 1663 4124 Haec
1694 4072 2000 4139 sententia,
2034 4076 2095 4125 ut
2125 4067 2161 4139 S
2195 4067 2505 4126 107.108.
2536 4066 2653 4125 109
2689 4066 2901 4125 Catoni

594 4152 870 4208 tribuitur
899 4154 957 4208 in
992 4153 1115 4208 cod.
1148 4151 1202 4207 P
1352 4150 1479 4207 dum
1509 4151 1590 4207 Ρ.
1624 4151 1897 4209 interdum
1930 4153 2025 4209 GS
2198 4153 2313 4210 107
2359 4144 2547 4227 bonis]
2581 4151 2719 4207 bona
2755 4151 2894 4208 sama

590 4240 737 4294 coni.
785 4234 1168 4294 Schenkclius
1343 4236 1462 4295 108
1510 4236 1664 4293 Plut.
1707 4238 1980 4311 apophth.
2018 4237 2140 4294 Cat.
2175 4256 2306 4295 mat.
2343 4237 2412 4294 9.·
2462 4233 2714 4310 μάλιστα
2755 4228 2890 4292 ἐνό-

588 4317 716 4394 μιζε
764 4315 890 4377 δεῖν
933 4313 1180 4377 ἕκαστον
1210 4309 1397 4378 αὑτὸν
1429 4315 1763 4377 αἰδεῖσθαι·
1810 4316 2039 4396 μηδένα
2065 4314 2177 4397 γὰρ
2208 4314 2422 4378 ἑαυτοῦ
2451 4316 2746 4397 μηδέποτε
2776 4341 2892 4396 χω-

594 4399 686 4476 ρὶς
718 4394 888 4462 εἷιαι.
981 4406 1446 4479 Stob.fl0r.31,
1484 4408 1595 4476 11,
1645 4423 1827 4478 supra
1860 4409 2054 4464 adnot.
2090 4395 2231 4479 adss
2265 4407 2365 4464 59.
2543 4403 2684 4482 tum]
2720 4415 2776 4463 tu
2811 4409 2899 4468 P.-

584 4508 688 4547 om.
722 4494 884 4565 valyo
1062 4491 1178 4548 109
1225 4492 1495 4548 ιΙοῑοιίοιι
1526 4487 1726 4568 facere]
1760 4491 2086 4548 deteriorem
2118 4491 2234 4549 fieri
2266 4495 2416 4549 coni.
2453 4493 2850 4550 Schenkelms
