3209 5184
832 1480 1153 1566 Publilii
1216 1480 1385 1591 Syri
1446 1480 1896 1568 sententiae.

394 1698 706 1762 Alienum
751 1705 852 1761 est
895 1720 1105 1781 omne,
1151 1698 1466 1785 quicquid
1509 1698 1796 1785 optando
1842 1701 2081 1765 evenit.
2177 1714 2188 1722 ’

393 1799 503 1864 Ab
546 1800 677 1864 alio
722 1807 1050 1886 expectes,
1093 1798 1286 1865 alteri
1329 1799 1506 1888 quod
1549 1800 1806 1865 feceris.

392 1903 675 1965 Animus
723 1889 937 1965 vereri
981 1902 1094 1988 qui
1137 1902 1283 1984 scit,
1330 1902 1456 1966 scit
1499 1912 1641 1967 tuta
1683 1901 1966 1988 ingredi.

397 2001 674 2067 Auxilia.
717 2002 988 2066 humilia.
1030 2002 1218 2066 firma
1262 2025 1616 2068 consensus
1662 2003 1843 2068 facit.

312 2113 348 2166 5
390 2106 598 2169 Amor
641 2104 843 2169 animi
885 2103 1158 2169 arbitrio
1205 2107 1506 2188 sumitur,
1551 2127 1682 2170 non
1724 2107 2006 2193 ponitur.

390 2207 532 2271 Aut
573 2214 751 2270 amat
793 2215 906 2270 aut
950 2205 1088 2271 odit
1131 2204 1383 2289 mulier,
1430 2205 1526 2271 nil
1570 2216 1670 2272 est
1712 2208 2006 2282 tertium.

234 2435 492 2477 comens
536 2436 585 2473 v.
621 2416 857 2475 1—34:
903 2386 1187 2475 PRB'FV
1212 2417 1355 2491 (EG)

395 2538 427 2592 1
478 2536 685 2592 Seneca
725 2537 945 2611 epistul.
996 2537 1065 2609 8,
1097 2537 1165 2595 8:
1224 2534 1507 2611 ‘quantum
1559 2537 2039 2594 disertissimorum
2080 2554 2335 2595 versuum
2375 2539 2519 2597 inter

234 2623 421 2676 mimos
463 2622 626 2677 iacet!
688 2638 845 2695 quam
899 2621 1067 2678 multa
1110 2620 1323 2678 Publilii
1365 2637 1474 2678 non
1517 2621 1865 2694 excalceatis,
1920 2621 2016 2679 sed
2059 2622 2397 2680 cothurnatis
2438 2624 2518 2681 di·

234 2706 395 2762 cenda
438 2707 593 2761 sunt!
640 2705 815 2762 Unum
855 2722 1068 2762 versum
1100 2707 1244 2777 eiuS,
1290 2707 1380 2780 qui
1410 2704 1475 2762 ad
1505 2707 1904 2782 philosophiam
1934 2709 2172 2781 pertiuet
2202 2715 2257 2764 et
2286 2707 2351 2764 ad
2381 2708 2518 2766 hanc

228 2798 450 2863 partem,
483 2807 621 2864 quae
652 2790 814 2846 modo
847 2790 951 2847 ruit
979 2792 1033 2847 iu
1065 2790 1328 2862 manibus,
1361 2790 1611 2863 reseram,
1644 2808 1752 2865 quo
1783 2798 1950 2866 negat
1982 2792 2207 2850 Fortuita
2236 2793 2291 2849 in
2321 2801 2512 2850 nostro

232 2874 496 2938 habenda;
546 2875 781 2932 alienum
811 2875 944 2932 etc.’
1127 2869 1315 2952 omne]
1349 2876 1566 2932 homine
1598 2876 1821 2940 Bothe,-
1863 2895 1969 2933 om.
2022 2877 2126 2948 VC,
2167 2877 2357 2935 codex
2386 2879 2515 2935 Am-

224 2961 532 3030 plonianus
563 2960 842 3032 Senecae,
893 2962 1223 3019 Vincentius
1254 2960 1695 3018 Bellovacensis
1723 2977 1881 3033 spec.
1914 2962 2098 3019 doctr.
2133 2960 2189 3031 5,
2227 2961 2305 3019 76

229 3045 368 3100 venit
409 3045 467 3115 0,
531 3046 862 3104 Vincentius
912 3047 1076 3103 codd.
1129 3047 1450 3103 deteriores
1492 3046 1754 3103 Senecae
1960 3045 1995 3101 2
2043 3045 2246 3102 Seneca
2286 3046 2507 3121 epistul.

233 3126 337 3198 94,
380 3128 491 3187 43:
561 3130 705 3204 ‘quis
758 3139 936 3187 autem
989 3131 1265 3205 negaverit
1321 3130 1468 3187 feriri
1513 3129 1833 3205 quibusdam
1885 3131 2186 3205 praeceptis
2227 3126 2516 3188 efficaciter

229 3214 381 3269 etiam
419 3215 853 3289 inpertissimos?
909 3215 1061 3272 velut
1102 3216 1185 3271 his
1224 3213 1553 3272 brevissimis
1599 3214 1853 3286 vocibus,
1904 3215 1999 3271 sed
2045 3214 2271 3271 multum
2315 3213 2514 3272 haben·

230 3296 366 3369 tibus
404 3299 693 3373 ponderis:
739 3298 803 3355 ab
846 3300 951 3357 alio
993 3299 1124 3356 etc.’
1213 3301 1480 3357 Luctum.
1525 3303 1701 3357 ins'tit.
1746 3301 1840 3356 lib.
1872 3300 1923 3356 1.
1971 3317 2062 3372 cp.
2113 3299 2221 3372 16,
2258 3301 2336 3358 10
2382 3299 2515 3357 ‘nou

228 3381 437 3457 illepide
469 3383 673 3440 Seneca
711 3386 767 3441 in
811 3383 959 3441 libris
1002 3386 1220 3442 moralis
1261 3384 1639 3459 philosophiae
1674 3426 1686 3439 .
1724 3428 1735 3440 .
1774 3428 1787 3440 .
1824 3428 1837 3441 .
1870 3384 1933 3440 ab
1967 3384 2069 3441 alio
2102 3382 2233 3442 etc.’
2264 3407 2348 3432 =
2380 3384 2515 3442 Sen.

223 3467 436 3541 sraym.
475 3469 627 3541 119,
663 3470 749 3526 ed.
786 3470 973 3526 Ηααε.
1057 3471 1372 3543 Inscriptio
1413 3474 1469 3526 in
1504 3471 1742 3526 Gruteri
1788 3471 2062 3527 (hesauro
2094 3487 2159 3542 p.
2196 3468 2317 3527 928
2350 3487 2407 3525 n.
2443 3469 2511 3526 9.·

226 3554 273 3607 Α
282 3553 328 3606 Β
352 3553 566 3610 ·ALIO
583 3582 595 3594 ·
616 3554 928 3612 SPERES
949 3582 963 3596 ·
983 3556 1077 3611 AL
1087 3555 1294 3612 TERO
1311 3585 1323 3598 ·
1343 3553 1389 3622 Q
1412 3556 1458 3611 V
1462 3554 1560 3611 OD
1577 3581 1590 3595 ·
1609 3554 1971 3612 FECERIS.
2074 3554 2160 3627 Cf.
2212 3554 2509 3626 Lamprid.

228 3638 389 3694 Alex.
426 3638 626 3695 Sever.
662 3639 741 3696 51
788 3637 959 3696 ‘visne
1002 3640 1107 3696 hoc
1146 3640 1201 3695 in
1243 3648 1375 3714 agro
1411 3647 1504 3695 tuo
1537 3638 1687 3710 fieri,
1733 3638 1879 3714 quod
1912 3639 2066 3696 alteri
2098 3638 2227 3695 sacis
2241 3638 2289 3695 ‘2’
2340 3638 2511 3697 Caec.

228 3722 391 3778 Balb.
437 3723 672 3780 Menae.
709 3724 775 3795 1,
810 3723 919 3795 29,
954 3742 1056 3799 pq.
1092 3723 1204 3797 20,
1265 3725 1420 3781 Vino.
1465 3724 1685 3782 Bellov.
1732 3740 1889 3797 spec.
1934 3725 2118 3781 doctr.
2151 3722 2224 3795 4,
2257 3723 2356 3781 67.
2395 3723 2513 3782 132

389 3808 427 3865 3
474 3810 566 3883 qui
607 3809 711 3865 scit
763 3810 937 3866 vereri
999 3810 1043 3867 V
1225 3818 1341 3866 tuta
1383 3810 1612 3866 PRFV
1638 3809 1855 3867 Gruter
1897 3825 1975 3866 ex
2010 3810 2333 3866 codicibus.-
2393 3817 2514 3867 tuto

226 3892 310 3948 Pa
339 3909 496 3949 corr.
530 3910 653 3951 rec.
686 3913 758 3950 m.
796 3894 851 3949 B
880 3911 1063 3967 supra
1095 3911 1211 3951 scr.
1246 3911 1362 3951 sec.
1397 3913 1469 3950 m.
1503 3895 1627 3952 cod.
1664 3895 1998 3964 Ber-nensis,
2035 3897 2138 3951 ulii
2165 3895 2327 3952 codd.
2366 3895 2512 3951 Gru·

230 3982 359 4047 teri,
389 3979 711 4042 Erasmus;
755 3986 907 4034 tutus
942 3979 1008 4049 C,
1042 3987 1165 4053 apta
1198 3979 1253 4034 B
1423 3978 1649 4054 aggredi
1681 3981 1968 4037 Erasmus
2000 3986 2056 4035 et
2087 3980 2249 4037 codd.
2284 3980 2515 4052 quidam

231 4062 461 4120 Gruter-i
656 4057 701 4118 4'
741 4065 967 4121 humana
1015 4065 1062 4121 V
1259 4063 1409 4120 firma
1453 4067 1643 4121 erasis
1686 4066 1896 4122 litteris
1934 4064 1991 4119 in
2041 4065 2119 4135 B,
2170 4064 2321 4120 unde
2366 4079 2514 4120 com·

229 4151 528 4206 mendatur
558 4152 894 4207 coniectura
933 4150 1151 4223 Tanaq.
1186 4151 1373 4206 Fabri
1401 4149 1609 4205 Auxilia
1640 4147 1848 4205 infirma
1882 4147 2064 4218 firma3
2111 4145 2298 4204 firmus
2347 4148 2393 4205 V

229 4249 522 4290 consensus
561 4235 651 4290 Pa
693 4252 875 4309 marg.
921 4250 1042 4292 rec.
1087 4253 1159 4290 m.
1204 4236 1319 4292 RF
1332 4234 1505 4290 VEC:
1559 4251 1851 4291 consessus
1890 4234 2005 4302 Pb,
2051 4231 2334 4289 consessus
2365 4231 2515 4287 PaB

389 4319 427 4377 5
475 4319 649 4374 Animi
678 4317 900 4376 arbitrio
931 4335 1083 4375 amor
1112 4321 1386 4376 Pithoeus
1532 4336 1619 4375 an.
1654 4321 1746 4392 qui
1775 4317 1889 4374 arb.
1942 4319 1985 4374 V
2124 4316 2159 4373 6
2206 4315 2309 4372 EC
2352 4316 2510 4372 Vinc.

237 4403 438 4461 Bellon.
480 4421 640 4477 spec.
683 4407 870 4462 doctr.
915 4403 986 4477 5,
1023 4404 1119 4461 10.
1164 4421 1252 4477 sp.
1298 4410 1419 4460 nai.
1466 4403 1580 4475 31,
1629 4403 1748 4459 115
1931 4395 1966 4433 '¹‘
1997 4401 2098 4457 nil:
2145 4399 2277 4456 nihil
2320 4401 2395 4469 L,
2429 4400 2513 4474 cf.

223 4504 315 4562 pq.
347 4489 427 4546 56
602 4490 823 4546 testium
853 4491 920 4561 F,
954 4496 1163 4547 certum
1212 4490 1258 4547 V

322 4595 574 4634 kunnum
601 4595 765 4635 Snus.
2071 4585 2102 4635 5
