3209 5184
571 530 577 540 ⁸
683 455 799 522 116
1358 469 1799 520 sENTEN'rIAE
1844 467 2289 519 'rumcnnssss

845 624 980 705 Qui
1025 625 1455 690 dormientem
1496 633 1710 707 necat,
1755 622 2094 688 absentem
2136 621 2496 691 ulciscitur.

846 725 1042 806 Quod
1086 733 1185 792 est
1227 734 1594 808 venturum,
1643 725 1906 811 sapiens
1952 725 2139 811 quasi
2183 746 2491 813 praesens
2537 736 2747 791 cavet.

678 835 799 893 675
844 827 1109 909 Reddit,
1155 848 1285 891 non
1328 825 1567 914 perdit,
1615 827 1768 913 quoi
1814 825 1972 912 quid
2016 824 2301 894 alienum
2347 826 2493 891 fuit.

674 938 785 1040 s
846 929 1132 1015 (Regnat
1177 927 1454 993 carnalis
1500 926 1850 1015 cupiditas,
1895 926 2011 992 ubi
2054 950 2186 992 non
2232 937 2330 993 est
2375 927 2481 994 dei
2528 930 2818 1016 caritas.)

848 1029 979 1096 Sua
1023 1031 1135 1117 qui
1179 1037 1420 1111 servat,
1467 1028 1657 1094 salva
1702 1050 1842 1094 esse
1885 1027 2031 1093 vult
2075 1031 2459 1094 communia.

848 1133 1021 1197 Satis
1067 1140 1165 1195 est
1208 1152 1515 1219 superare
1558 1130 1917 1212 inimicum,
1962 1132 2238 1195 nimium
2284 1140 2384 1197 est
2428 1132 2720 1219 perdere.

846 1233 1170 1318 Suspicax
1211 1234 1468 1298 animus
1516 1232 1804 1296 omnium
1850 1232 2114 1296 damnat
2157 1232 2374 1297 fidem.

679 1342 802 1400 680
846 1335 1147 1422 Suspicio
1192 1333 1483 1421 probatis
1528 1334 1731 1398 tacita
1774 1332 2015 1398 iniuria
2059 1343 2178 1399 est.
2307 1335 2322 1354 ⁶

845 1436 1152 1524 Superari
1195 1458 1235 1498 a
1279 1435 1614 1522 superiore
1656 1456 1806 1522 pars
1855 1443 1951 1499 est
1995 1433 2265 1520 gloriae.

846 1536 1220 1624 Supplicem
1263 1537 1588 1601 hominem
1635 1537 2001 1623 opprimere
2046 1537 2258 1602 virtus
2302 1537 2435 1602 non
2478 1545 2610 1619 est,
2658 1536 2774 1601 sed
2819 1558 2981 1604 cru-

1894 1636 2151 1702 delitas.

845 1740 1000 1807 Sine
1043 1740 1189 1827 lege
1232 1762 1440 1829 poena
1486 1749 1586 1805 est
1628 1739 1830 1806 animi
1876 1740 2295 1805 conscientia.

846 1841 1019 1909 Satis
1066 1851 1164 1906 est
1209 1842 1515 1925 disertus,
1563 1863 1598 1905 e
1644 1863 1771 1928 quo
1815 1840 2104 1928 loquitur
2146 1841 2413 1906 veritas.

677 1951 797 2010 685
845 1943 1116 2027 †Tarde
1147 1943 1203 2007 si
1248 1943 1519 2028 gravius
1564 1942 1670 2005 vir
1712 1943 2019 2007 irascitur
2062 1951 2125 2007 et
2169 1941 2483 2029 perbicax
2525 1941 2885 2008 ulciscitur.

842 2046 999 2110 Tuti
1043 2054 1193 2110 sunt
1236 2066 1480 2128 omnes,
1525 2066 1695 2109 unus
1737 2042 1854 2109 ubi
1899 2041 2292 2109 defenditur.

843 2143 997 2211 'Ubi
1043 2145 1314 2212 libertas
1361 2147 1622 2228 cecidit,
1668 2144 1867 2210 audet
1910 2143 2115 2209 libere
2157 2145 2348 2209 nem6
2392 2144 2591 2232 loqui.

842 2247 1001 2312 Vita
1044 2249 1252 2313 otiosa
1295 2270 1571 2334 regnum
1616 2255 1733 2329 est,
1782 2256 1847 2312 et
1891 2267 2085 2310 curae
2127 2247 2365 2312 minuS.

844 2348 967 2434 (Ut
1010 2347 1230 2436 plures
1278 2349 1709 2435 corrigantur,
1755 2350 1880 2413 rite
1924 2347 2116 2436 pauci
2163 2346 2543 2435 eliduntur.)

673 2627 926 2699 trahitur,
957 2628 1003 2683 si
1034 2628 1181 2683 ultro
1219 2627 1363 2683 illam
1396 2634 1451 2683 et
1480 2629 1633 2701 prior
1664 2629 1940 2702 occupes.'
2119 2627 2240 2685 673
2287 2635 2441 2683 necat
2471 2627 2874 2685 Froeklichius
2908 2636 2975 2685 et

674 2710 756 2766 M.
789 2710 1120 2784 Hauptius:
1149 2728 1341 2768 necare
1372 2713 1564 2768 nititur
1596 2712 1661 2768 T.
1757 2710 1846 2784 Cf.
1882 2731 1931 2769 v.
1967 2712 2064 2769 12.
2097 2710 2221 2768 476

815 2796 937 2854 674
982 2805 1132 2853 cavet
1168 2796 1348 2854 Orelli
1360 2822 1375 2852 .·
1405 2797 1542 2853 cavit
1581 2797 1656 2860 T,·
1686 2796 1770 2869 cf.
1804 2816 1854 2855 v.
1891 2798 2012 2855 607
2171 2795 2291 2855 675
2336 2798 2433 2854 Ita
2463 2799 2680 2868 scripsi
2693 2787 2785 2854 'ex
2814 2796 2966 2855 Rib-

672 2881 861 2939 beckii
888 2885 1254 2955 coniectura,
1298 2899 1468 2955 quam
1496 2885 1555 2938 in
1587 2884 1956 2939 adnotatione
1981 2885 2316 2954 proposuit.-
2359 2880 2586 2953 Reddit,
2618 2898 2727 2938 non
2758 2881 2969 2956 perdit,

673 2967 766 3040 qui
796 2966 943 3040 quod
973 2967 1202 3022 alienum
1234 2973 1369 3039 erat,
1400 2967 1667 3041 persolvit
1700 2967 1762 3023 T.
1852 2967 1941 3023 De
1967 2970 2307 3041 qlossemate
2336 2966 2631 3040 persolvit,
2665 2968 2744 3023 ad
2770 2970 2965 3039 expli-

672 3053 918 3109 candam
948 3065 1140 3109 vocem
1169 3050 1348 3107 reddit
1377 3053 1672 3121 adscripto
1705 3051 1785 3123 cf.
1818 3051 2048 3125 Proleq.
2075 3069 2175 3125 pq.
2210 3049 2290 3109 48
2359 3083 2367 3094 ·
2434 3051 2553 3109 677
2600 3045 2632 3079 *
2662 3067 2782 3108 esse
2813 3050 2967 3108 vult:

671 3134 787 3191 vult
826 3151 947 3192 esse
983 3136 1058 3201 T,·
1099 3152 1196 3191 sua
1228 3137 1320 3209 qui
1350 3144 1663 3208 conservat,
1704 3135 1846 3192 salva
1876 3136 1993 3192 vult
2022 3136 2325 3192 communia
2356 3136 2686 3207 HauptiuS,
2729 3142 2792 3193 ut
2818 3152 2967 3209 yra-

673 3223 818 3277 tiore
866 3220 989 3277 ictu
1026 3224 1108 3277 ita
1144 3221 1394 3293 fortiore
1442 3224 1692 3278 remedio
1735 3228 1790 3278 el
1829 3222 2064 3278 turbata
2108 3223 2550 3292 allitteratione,
2601 3222 2672 3276 de
2712 3237 2829 3294 qua
2869 3221 2967 3294 cf.

671 3304 866 3361 Plaut.
903 3305 1061 3361 Trin.
1094 3303 1167 3376 4,
1200 3304 1268 3377 3,
1300 3303 1379 3362 82
1413 3301 1520 3360 ‘me
1549 3306 1789 3378 servavi,
1832 3305 2011 3362 salvus
2042 3304 2224 3377 redii’,
2264 3306 2395 3362 ibid.
2426 3303 2488 3377 4,
2520 3303 2581 3376 3,
2615 3304 2692 3362 69
2727 3301 2964 3361 ‘salvum

671 3396 728 3446 et
757 3388 1072 3461 servatum’,
1107 3388 1245 3446 Cato
1276 3391 1346 3446 de
1376 3404 1443 3445 re
1472 3408 1522 3445 r.
1557 3387 1700 3461 141,
1734 3390 1770 3447 3
1804 3387 1995 3463 ‘pecua
2024 3389 2169 3445 salva
2197 3390 2505 3461 servassis',
2538 3388 2653 3447 Cic.
2705 3390 2867 3446 Verr.
2898 3390 2965 3462 2,

673 3472 744 3547 5,
778 3472 890 3546 58,
915 3492 1031 3546 pro
1064 3473 1281 3531 Cluent.
1320 3472 1432 3546 12,
1465 3472 1579 3545 33,
1622 3474 1740 3532 Liv.
1776 3473 1886 3546 22,
1923 3475 2033 3548 10,
2067 3473 2123 3530 2.
2185 3474 2382 3531 Possis
2421 3477 2618 3531 etiam.-
2664 3473 2832 3530 Suum
2864 3476 2963 3549 qui

669 3565 880 3631 servat,
921 3558 1066 3615 salva
1106 3558 1224 3615 vult
1252 3560 1574 3616 communia.
1752 3558 1873 3617 678
1918 3575 2175 3633 superare
2202 3560 2475 3615 inimicum
2505 3556 2833 3631 Hauptius=
2877 3561 2959 3616 in.

669 3660 790 3717 sup.
831 3643 895 3715 T,
927 3643 1141 3701 hostem
1173 3661 1293 3718 sup.
1335 3643 1520 3702 Orelli
1676 3643 1798 3702 679
1843 3639 2121 3720 suspicax]
2154 3645 2411 3701 notanda
2442 3645 2666 3718 syllaba
2696 3645 2962 3701 secunda

668 3731 730 3785 in
759 3728 875 3784 hac
906 3744 1042 3786 voce
1066 3731 1356 3802 producta
1488 3728 1741 3802 dampnat
1772 3730 1824 3786 R
1959 3729 2080 3786 689
2125 3727 2299 3803 probo
2332 3729 2712 3785 homini‘coni.
2748 3727 2934 3785 Orelli
2941 3753 2961 3792 ,-

672 3810 753 3884 cf.
788 3830 839 3868 v.
877 3810 998 3869 195
1191 3812 1311 3871 682
1360 3813 1447 3886 Cf.
1480 3832 1530 3871 v.
1564 3814 1683 3871 109
1869 3812 1990 3872 683
2035 3829 2211 3887 poena
2252 3819 2337 3869 est
2378 3813 2536 3869 animi
2567 3813 2959 3870 Ribbeckius:

672 3902 851 3952 autem
891 3912 1066 3970 poena
1113 3903 1197 3952 est
1232 3897 1307 3962 T,·
1350 3899 1509 3953 etiam
1541 3899 1660 3954 sine
1690 3897 1814 3972 lege
1844 3914 2019 3972 poena
2048 3907 2132 3954 est
2164 3898 2490 3954 conscientia
2527 3898 2726 3970 Orelli,
2767 3898 2884 3954 sine
2916 3896 2955 3954 l.

669 3988 900 4055 poenast
939 3980 1159 4037 sceleris
1202 3998 1249 4037 c.
1283 3982 1597 4052 HauptiuS.
1690 3982 1778 4055 Cf.
1812 4002 1860 4041 v.
1897 3982 2036 4041 196.
2073 3982 2214 4039 227.
2248 3975 2392 4040 443.
2597 3981 2718 4040 684
2763 3976 2794 4011 *
2823 3983 2957 4039 satis

671 4071 757 4121 est
785 4064 1022 4122 disertus
1054 4067 1126 4123 cl.
1161 4084 1211 4123 v.
1246 4064 1388 4124 505.
1424 4065 1576 4124 616:
1622 4068 1753 4124 satis
1787 4068 2035 4125 desertus
2067 4076 2152 4124 est
2186 4067 2261 4132 T,·
2304 4068 2434 4124 satis
2465 4066 2728 4123 disertust
2762 4065 2954 4126 Orelli.

811 4166 841 4206 e
872 4167 980 4225 quo
1018 4149 1222 4208 Orelli.-
1265 4152 1333 4207 de
1363 4167 1474 4226 quo
1510 4151 1561 4207 T
1726 4151 1847 4211 685
1895 4152 2193 4210 Sententia
2221 4154 2479 4227 oraviter
2507 4158 2789 4223 corrupta
2818 4167 2954 4224 per-

671 4238 811 4293 tinet
834 4235 1096 4307 fortasse
1126 4238 1207 4294 ad
1233 4255 1282 4294 v.
1316 4234 1397 4294 53
1430 4239 1518 4294 vel
1549 4234 1670 4293 195
1845 4237 1964 4295 686
2013 4236 2102 4293 ubi
2134 4236 2446 4294 defenditur
2476 4252 2616 4291 unus
2654 4238 2719 4309 T,
2762 4251 2954 4294 emen·

669 4322 828 4378 davit
861 4319 1041 4378 Orelli
1160 4313 1167 4320 ’
1238 4320 1357 4379 687
1405 4314 1655 4398 libertas]
1688 4324 1774 4378 sic
1809 4322 1884 4395 Τ,
1914 4340 2027 4380 non
2057 4321 2315 4394 libertus,
2353 4323 2506 4395 quod
2530 4327 2744 4378 narrat
2778 4321 2958 4379 Orelli

810 4404 1003 4462 cecidit
1032 4406 1361 4478 Hauptiuse
1392 4405 1533 4463 cadit
1569 4405 1621 4463 T
1786 4406 1906 4464 689
1950 4408 2056 4463 rite
2085 4423 2226 4464 unus
2255 4407 2399 4481 perit
2433 4405 2627 4464 Orelli.
2706 4406 2952 4465 Contra·

669 4492 761 4546 ria
793 4497 879 4547 est
908 4494 1192 4550 sententia
1221 4510 1273 4549 v.
1308 4489 1448 4548 224.
1484 4489 1605 4550 345
