3209 5184
807 460 1020 507 INTER
1064 460 1527 508 PUBLILIANAS
1573 426 1960 508 ΒΕΟΕΡΤᾸΕ.
2412 446 2529 510 127

402 611 862 676 Misericordia
900 634 1034 677 non
1077 634 1365 696 causam,
1412 613 1527 679 sed
1572 614 1902 679 fortunam
1946 622 2216 699 spectat.

403 713 720 779 Miserum
762 721 829 778 te
870 712 1113 798 iudicO,
1159 714 1334 803 quod
1378 736 1732 802 numquam
1775 715 1979 780 fueris
2023 715 2240 780 miser.

405 814 671 881 Modica
713 814 1018 903 voluptas
1062 814 1245 882 laxat
1286 818 1538 882 animos
1586 825 1651 882 et
1696 825 2038 904 temperat.

406 916 701 982 Monstro
745 916 979 982 similis
1027 928 1125 983 est
1176 919 1458 983 avaritia
1501 918 1717 983 unica.

237 1025 363 1085 210
404 1019 709 1086 Morbum
752 1041 898 1086 esse
929 1021 1097 1087 scias
1129 1043 1259 1085 non
1287 1019 1709 1103 hilaritatem,
1755 1041 2015 1107 semper
2042 1021 2337 1086 arridere
2364 1006 2522 1086 arri-

1047 1122 1355 1187 dentibus
1412 1130 1476 1186 et
1529 1122 1617 1186 ad
1671 1123 1961 1186 omnium
2013 1124 2527 1189 aestimationem

1042 1225 1262 1312 ipsum
1304 1245 1561 1312 quoque
1606 1245 1677 1287 os
1725 1222 2057 1288 diducere.

402 1323 702 1392 Mortalis
745 1346 934 1389 nemo
981 1335 1099 1409 est,
1147 1348 1344 1412 quem
1385 1347 1518 1390 non
1560 1326 1844 1410 attingat
1888 1323 2093 1390 dolor.

403 1426 684 1491 Mortem
728 1426 961 1492 timere
1005 1427 1335 1492 crudelius
1385 1435 1483 1490 est
1529 1448 1723 1513 quam
1765 1427 1954 1490 mori.

400 1527 727 1594 Muliebre
772 1538 870 1593 est
913 1528 1133 1594 furere
1177 1531 1246 1593 in
1289 1530 1410 1593 ira.

404 1629 600 1694 Multi
645 1628 798 1693 dum
844 1629 986 1695 falli
1031 1638 1283 1718 putant,
1331 1629 1563 1694 fallere
1607 1628 1866 1694 docent.

235 1737 355 1796 215
401 1730 658 1797 Natura
701 1732 910 1797 vincit
951 1741 1253 1796 naturam
1298 1719 1504 1796 et‘dii
1550 1730 1729 1796 deos.

402 1832 544 1896 Nae
587 1833 944 1899 virtutibus
990 1834 1211 1899 multis
1257 1832 1570 1916 abundat,
1619 1833 1732 1919 qui
1775 1831 2022 1897 alienas
2064 1841 2258 1896 amat.

401 1934 688 2000 Necesse
734 1944 833 1999 est
876 1934 1114 2001 multos
1159 1935 1409 2018 timeat,
1458 1956 1652 2022 quem
1693 1933 1884 1999 multi
1928 1935 2182 2000 timent.

402 2036 830 2102 Necessitatis
877 2045 977 2101 est
1020 2036 1381 2101 remedium
1426 2036 1732 2124 parcitaS.

402 2136 657 2221 Negata
702 2146 801 2203 est
843 2140 1098 2224 magnis
1145 2137 1499 2203 sceleribus
1545 2158 1804 2225 semper
1845 2136 2032 2202 fides.

232 2243 360 2304 220
402 2238 607 2305 Nemo
652 2242 748 2304 ita
789 2262 1040 2327 pauper
1082 2241 1255 2306 vivit
1300 2262 1495 2327 quam
1535 2249 1730 2305 natus
1777 2249 1899 2314 est.

407 2341 613 2406 Nemo
658 2351 877 2429 potest
921 2363 1264 2430 personam
1312 2342 1427 2407 diu
1470 2342 1641 2405 ferre
1674 2340 1926 2406 fictam:
1972 2341 2126 2406 ficta
2154 2341 2284 2406 cito
2314 2341 2385 2405 in
2411 2363 2522 2404 na-

1040 2453 1255 2508 turam
1300 2465 1482 2508 suam
1527 2442 1851 2509 recidunt.

409 2544 614 2611 Nemo
660 2544 946 2633 prudens
989 2547 1181 2633 punit
1225 2547 1378 2633 quia
1406 2554 1747 2633 peccatum
1778 2554 1895 2629 est,
1940 2544 2060 2610 sed
2087 2566 2169 2608 ne
2198 2553 2523 2632 peccetur.

403 2646 608 2712 Nemo
653 2668 879 2732 regere
924 2656 1141 2734 potest
1184 2649 1314 2712 nisi
1359 2656 1423 2711 et
1460 2648 1580 2733 qui
1622 2647 1787 2732 regi.

403 2748 626 2833 Nemo,
675 2750 786 2836 qui
832 2749 1045 2835 coepit
1091 2772 1176 2813 ex
1219 2770 1312 2833 se,
1357 2750 1561 2814 risum
1606 2748 1926 2837 praebuit.

230 2856 356 2915 225
406 2849 713 2938 Nequitia
755 2872 964 2939 poena
1007 2854 1296 2916 maxima
1338 2852 1619 2937 ipsamet
1665 2852 1767 2915 sui
1814 2859 1933 2914 est.

402 2952 625 3017 Nescit
668 2954 725 3017 is
769 2974 1021 3034 nocere,
1069 2954 1181 3042 qui
1224 2975 1460 3017 nocere
1502 2951 1676 3016 velle
1719 2950 2031 3039 prodidit.

403 3053 511 3118 Nil
555 3054 752 3140 eripit
795 3054 1073 3138 fortuna,
1120 3057 1250 3120 nisi
1294 3055 1467 3141 quod
1515 3064 1579 3119 et
1625 3054 1828 3118 dedit.

404 3155 513 3219 Nil
554 3178 748 3243 posse
792 3178 1183 3243 quemquam
1227 3167 1554 3223 mortuum
1593 3155 1721 3221 hoc
1764 3164 1865 3220 est
1907 3155 2154 3221 vivere.

404 3383 522 3441 206
572 3383 674 3441 Go.
709 3382 835 3439 Sen.
869 3382 936 3439 de
969 3382 1124 3440 clem.
1160 3382 1219 3455 2,
1252 3383 1311 3455 5,
1348 3384 1384 3439 1
1562 3383 1683 3441 207
1733 3384 1816 3441 Gr
1844 3400 1910 3439 ex
1941 3382 2061 3439 cod.
2093 3381 2257 3439 Palat.
2292 3382 2417 3439 Seu.
2451 3383 2518 3439 de

224 3467 437 3541 provid.
469 3466 531 3540 4,
564 3468 601 3525 3
776 3468 896 3526 208
943 3470 1014 3526 R.
1048 3469 1172 3524 Sen.
1206 3468 1272 3524 de
1303 3470 1379 3523 ira
1410 3468 1469 3541 2,
1495 3467 1597 3540 20,
1625 3469 1660 3525 3
1836 3467 1955 3526 209
2007 3468 2104 3524 Go.
2140 3467 2213 3523 De
2243 3484 2378 3523 mor.
2414 3468 2515 3539 18,

223 3553 336 3608 Cic.
374 3552 438 3608 (18
467 3560 671 3609 senect.
708 3553 807 3626 18,
842 3553 920 3611 66
1095 3553 1220 3610 210
1266 3554 1362 3609 Go,
1396 3552 1523 3609 Sen.
1555 3553 1622 3609 (18
1653 3553 1806 3609 clem.
1843 3552 1900 3624 2,
1937 3553 1994 3624 6,
2027 3550 2066 3607 4
2239 3552 2357 3607 211
2407 3554 2515 3609 Bo.

223 3637 414 3711 Eurip.
457 3655 543 3711 ap.
587 3638 691 3694 Cic.
726 3637 884 3694 Tusc.
928 3638 998 3710 3,
1032 3637 1144 3709 25,
1177 3638 1255 3695 59
1432 3637 1552 3694 212
1597 3639 1697 3693 Ps.
1739 3638 1864 3693 Sen.
1906 3635 2031 3692 Exc.
2062 3636 2317 3693 Gonu-ov,
2352 3637 2422 3708 3,
2455 3636 2514 3709 5,

222 3730 367 3779 extr.
400 3740 494 3796 pg.
531 3722 675 3793 370,
707 3722 744 3778 5
774 3723 872 3778 Bu.
1006 3723 1127 3779 213
1172 3724 1282 3778 Ρη.
1318 3722 1444 3778 Sen.
1478 3721 1545 3777 de
1577 3722 1733 3778 clem.
1769 3723 1827 3794 1,
1860 3722 1919 3793 5,
1951 3721 1988 3779 5
2121 3719 2243 3777 214
2291 3721 2356 3789 Q.
2390 3722 2516 3779 Seu.

221 3808 389 3881 epist.
420 3807 479 3879 3,
514 3807 551 3863 3
753 3807 874 3863 215
920 3809 1019 3864 Ps.
1223 3807 1344 3866 216
1392 3808 1491 3863 Gr.
1529 3806 1666 3863 Plin.
1698 3808 1855 3880 epist.
1893 3808 1948 3878 1,
1984 3806 2085 3879 17,
2119 3806 2177 3862 4.
2241 3805 2321 3862 Cf.
2354 3823 2516 3881 supra

223 3891 494 3965 pg.·107‚
516 3891 640 3949 110
757 3893 875 3949 217
922 3894 1020 3948 Ps.
1052 3891 1307 3948 Laberius
1341 3910 1390 3947 v.
1423 3893 1543 3950 126
1575 3891 1728 3948 Ribb.
1760 3916 1844 3937 =
1875 3892 2001 3948 Sen.
2035 3891 2102 3947 de
2132 3894 2208 3947 ira
2251 3891 2309 3962 2,
2347 3892 2444 3962 11,
2478 3892 2513 3948 3

399 3974 521 4034 218
567 3978 664 4033 Ps.
697 3976 848 4032 Caec.
880 3976 1025 4032 Balb.
1062 3976 1202 4032 Mon.
1240 3976 1338 4048 11,
1372 3977 1430 4048 5,
1463 3994 1558 4051 pg.
1592 3976 1671 4031 22
1842 3977 1963 4035 219
2011 3977 2109 4033 Ps.
2143 3975 2268 4031 Seu.
2300 3975 2513 4049 Hippol.

227 4060 354 4118 162
528 4061 653 4120 220
698 4062 799 4117 Gr.
832 4078 895 4117 ex
927 4061 1045 4117 cod.
1079 4060 1243 4117 Palat.
1279 4061 1401 4117 Sen.
1435 4061 1500 4118 de
1540 4062 1749 4136 provid.
1785 4063 1843 4133 6,
1878 4062 1913 4120 6
2087 4060 2206 4116 221
2259 4061 2355 4117 Go.
2390 4060 2514 4115 Sen.

220 4146 291 4202 de
325 4145 485 4201 clem.
523 4146 580 4219 1,
602 4145 657 4218 1,
675 4146 728 4204 6.
774 4145 852 4201 Cf.
887 4163 1048 4220 supra
1080 4164 1171 4220 pg.
1210 4146 1349 4220 123,
1387 4147 1503 4204 137
1624 4145 1744 4202 222
1778 4148 1850 4202 R.
1883 4146 2006 4202 Sen.
2040 4146 2107 4201 de
2137 4146 2215 4200 ira
2248 4145 2305 4217 1,
2342 4145 2441 4215 19,
2476 4145 2511 4201 7

398 4228 520 4288 223
566 4231 637 4287 R.
671 4231 798 4289 Sen.
831 4230 896 4286 de
928 4233 1002 4287 ira
1037 4230 1108 4302 2,
1143 4231 1254 4305 15,
1285 4231 1326 4286 4
1523 4229 1647 4291 224
1694 4232 1792 4287 Gr.
1828 4247 1892 4286 ex
1923 4230 2044 4286 cod.
2077 4229 2244 4285 Palat.
2291 4228 2415 4285 Sen.
2447 4228 2513 4285 (18

216 4323 398 4372 const.
433 4331 548 4389 sap.
582 4315 681 4387 17,
715 4315 752 4371 2
927 4315 1047 4373 225
1095 4315 1327 4372 Ribbeck
1359 4315 1502 4387 315,
1534 4317 1641 4371 Pn.
1687 4315 1765 4371 Cf.
1797 4331 1963 4389 supra
1999 4332 2092 4388 pg.
2127 4311 2341 4386 91,=13

220 4400 351 4458 226
394 4401 493 4456 Gr.
530 4394 817 4474 (perdidit)
845 4417 909 4456 ex
941 4401 1239 4458 cod.Palat.
1266 4401 1417 4457 Caes.
1442 4400 1771 4458 Balb.PariS.
1790 4399 1868 4457 29
2001 4398 2120 4455 227
2164 4401 2264 4456 Ps.
2291 4398 2415 4455 Seu.
2445 4398 2511 4455 (18

217 4493 402 4542 const.
436 4502 548 4560 sap.
578 4484 691 4558 5,4
714 4486 837 4542 coll.
864 4488 1022 4560 epist.
1048 4486 1151 4558 59,
1171 4486 1248 4543 18
1367 4485 1489 4543 228
1535 4485 1634 4542 Ps.
1658 4485 1807 4542 Caco.
1832 4484 1974 4541 Balb.
2004 4483 2144 4540 Mon.
2165 4484 2220 4557 1,
2239 4484 2297 4556 9,
2322 4502 2415 4558 pg.
2434 4484 2509 4542 18
