3209 5184
623 457 707 521 38
1488 467 2037 518 PROLEGOMENA.

625 626 784 713 quin
828 625 1024 689 etiam
1067 625 1372 688 inventus
1418 632 1537 706 est,
1585 622 1697 708 qui
1743 643 1827 686 ex
1872 620 2156 686 Senecae
2201 617 2608 703 dialogorum
2651 606 2909 681 libro'I.

629 727 740 813 (de
785 725 1254 814 providentia),
1307 724 1398 788 II.
1446 723 1558 809 (de
1603 725 1970 787 constantia
2013 719 2392 809 sapientis),
2438 719 2566 785 III.
2610 717 2777 783 IIII.
2823 716 2911 780 V.

631 829 742 914 (de
785 829 908 915 ira)
954 826 1271 913 librisque
1317 826 1398 888 de
1445 812 1788 889 clementia
1818 823 2010 912 plane
2040 845 2280 888 novam
2309 822 2598 907 satisque
2628 817 2915 905 amplam

626 931 1094 994 sententiarum
1139 926 1584 993 collectionem
1632 935 2008 1013 excerperet
2054 945 2322 1011 eamque
2364 945 2478 987 suo
2509 924 2651 987 iure
2681 921 2912 985 inscri-

626 1030 812 1095 beret
866 1029 1222 1095 Proverbia
1276 1028 1581 1094 Senecae.
1670 1026 1982 1092 Delectus
2038 1025 2215 1091 illius
2276 1025 2389 1110 (cf.
2448 1023 2638 1089 codd.
2700 1023 2918 1087 Paris:

630 1132 817 1197 6379.
864 1131 1050 1196 6380.
1096 1130 1285 1196 6384.
1329 1129 1499 1194 6390
1542 1150 1712 1197 saec.
1758 1128 1948 1193 XIV.
1998 1138 2060 1194 et
2104 1127 2286 1214 XV.)
2333 1128 2545 1214 prima
2590 1124 2919 1191 sententia

632 1241 762 1298 est:
810 1232 887 1296 N
891 1254 973 1297 on
1016 1235 1184 1315 quid,
1230 1233 1339 1297 sed
1366 1232 1887 1313 quemadmodum
1913 1231 2087 1312 seras
2116 1232 2369 1295 interest
2399 1229 2512 1313 (Ξ
2541 1227 2621 1292 de
2651 1224 2916 1312 provid.

610 1337 693 1417 2,
729 1335 823 1419 4),
867 1333 1115 1398 ultima·
1140 1334 1334 1397 haec:
1398 1332 1612 1397 Vem‘a
1657 1336 1745 1396 est
1774 1352 2017 1413 poenae
2060 1333 2316 1396 meritae
2358 1331 2640 1395 remissio
2688 1328 2798 1413 (=
2830 1327 2919 1390 de

635 1435 816 1500 clem.
865 1436 938 1518 2,
989 1436 1048 1517 7,
1101 1436 1201 1521 1);
1266 1434 1384 1498 sed
1426 1455 1509 1497 ne
1554 1434 1699 1519 quis
1746 1440 2095 1497 tractatum
2140 1433 2223 1496 ad
2269 1431 2655 1518 explendam
2698 1439 2918 1517 postc-

632 1538 871 1602 riorem
926 1538 1394 1601 sententiarum
1450 1544 1700 1622 partem
1749 1532 1925 1619 (N—
1946 1534 2041 1620 V)
2090 1535 2519 1622 compositum
2562 1533 2765 1598 fuisse
2810 1555 2919 1595 su-

635 1639 955 1725 spicetur,
1010 1637 1403 1703 monendum
1450 1645 1547 1700 est
1590 1633 1827 1699 multas
1874 1634 2035 1699 alias
2081 1635 2329 1718 inesse,
2392 1657 2663 1721 quarum
2704 1634 2923 1721 prima

635 1740 837 1805 verba
881 1741 1204 1828 incipiunt
1245 1761 1286 1803 a
1327 1738 1566 1804 litteris
1614 1737 1865 1802 A-M.

808 1842 939 1907 Sed
998 1842 1305 1928 quamdiu
1360 1840 1481 1904 hae
1525 1838 1693 1903 duae
1737 1838 2233 1926 proverbiorum
2277 1837 2687 1904 collectiones
2733 1860 2920 1925 sepa-

637 1944 831 2008 ratim
886 1942 1455 2024 describebantur,
1512 1938 1718 2004 altera
1771 1962 1974 2028 prave
2031 1940 2313 2005 Senecae
2366 1943 2714 2028 inscripta,
2772 1963 2922 2005 cum

639 2051 810 2108 esset
842 2043 1225 2112 Publiliana
1283 2064 1485 2129 eaque
1540 2063 1658 2128 per
1712 2041 2006 2106 ordinem
2062 2041 2427 2106 litterarum
2484 2041 2801 2129 disposita
2857 2052 2925 2106 et

638 2145 885 2210 homini
938 2145 1046 2209 vel
1100 2145 1336 2210 leviter
1388 2142 1627 2209 litteris
1683 2143 1934 2208 imbuto
1988 2143 2349 2208 iamborum
2404 2145 2571 2208 ictus
2615 2143 2923 2232 prodenS,

638 2246 845 2310 altera
898 2246 983 2310 ad
1039 2247 1332 2313 ordinem
1388 2245 1794 2330 dialogorum
1840 2245 2125 2310 Senecae
2171 2244 2459 2330 digesta,
2518 2245 2923 2331 longioribus

643 2348 995 2412 enuntiatis
1052 2350 1370 2433 originem
1428 2347 1797 2434 pedestrem
1842 2368 1998 2433 prae
2043 2368 2113 2410 se
2157 2347 2395 2430 ferenS,
2462 2346 2734 2411 Publilii
2778 2369 2924 2411 sen—

642 2450 885 2514 tentiae
940 2449 1025 2514 ab
1083 2447 1601 2535 interpolationis
1661 2448 1902 2512 iniuria
1958 2447 2511 2513 defendebantur:
2570 2449 2686 2512 sed
2742 2457 2924 2536 pate-

640 2549 816 2614 facta
862 2558 980 2634 est,
1025 2558 1099 2616 ut
1141 2552 1233 2615 ait
1277 2550 1643 2631 Terentius,
1676 2549 1960 2613 fenestra
2003 2548 2194 2632 malo,
2228 2549 2498 2615 simulac
2545 2552 2786 2627 extitit.
2812 2552 2927 2637 qui

642 2653 1022 2716 recentioris
1080 2652 1429 2737 farraginis
1486 2652 1843 2716 sententias
1900 2652 1969 2715 in
2025 2652 2293 2717 brevius
2352 2653 2678 2738 redigeret
2731 2661 2796 2717 et
2840 2652 2928 2716 ad

643 2752 1007 2819 litterarum
1052 2754 1345 2819 ordinem
1389 2754 1784 2841 disponeret.
1873 2750 2090 2817 Huius
2122 2752 2330 2818 libelli
2360 2756 2693 2820 retractati
2724 2776 2800 2818 ea
2830 2764 2932 2819 est

647 2864 920 2921 externa
975 2857 1220 2941 species
1239 2907 1256 2941 ,
1315 2865 1388 2921 ut
1442 2855 1715 2942 incipiat
1757 2876 1798 2918 a
1842 2857 2190 2920 sententia:
2256 2855 2486 2926 Avida
2530 2862 2617 2921 est
2659 2858 2932 2940 periculi

646 2959 847 3024 virtus
892 2957 1005 3041 (=
1049 2957 1130 3021 de
1174 2958 1429 3044 provid.
1478 2959 1552 3042 4,
1601 2957 1713 3043 4),
1776 2957 2034 3021 desinat
2089 2959 2159 3020 in
2202 2957 2406 3022 verba
2461 2957 2743 3023 Ultimis
2785 2980 2931 3024 eon-

647 3061 1036 3125 tumeliosum
1073 3081 1270 3144 yenus
1313 3066 1414 3125 ete.
1464 3060 1576 3147 (=
1623 3059 1704 3123 de
1748 3060 1844 3123 ira
1887 3059 1960 3142 2,
2007 3059 2122 3141 32,
2170 3060 2273 3146 3),
2321 3061 2517 3123 sicuti
2564 3068 2660 3124 est
2704 3060 2935 3124 videre

649 3182 734 3224 ex
787 3159 1124 3225 codicibus
1169 3161 1482 3226 Parisinis
1527 3161 1716 3226 6385.
1762 3160 1950 3224 6631.
2038 3159 2212 3224 Vere
2272 3159 2535 3247 quidem
2590 3161 2660 3224 in
2704 3161 2937 3225 codice

652 3261 819 3327 8545
861 3262 1244 3327 adnotatum
1290 3271 1418 3327 est:
1464 3262 1595 3327 Hie
1636 3268 1785 3327 sunt
1827 3263 1962 3327 alia
1994 3264 2333 3345 proverbia
2363 3262 2645 3328 Senecae.
2713 3262 2938 3329 Avida

651 3369 741 3430 est
781 3369 903 3429 ete:
930 3364 1126 3439 immo
1181 3364 1249 3426 in
1305 3364 1525 3428 codice
1569 3363 1738 3427 8546
1784 3372 2090 3449 quattuor
2134 3363 2444 3451 opuscula
2486 3364 2652 3427 bene
2696 3363 2937 3429 distin-

647 3474 965 3551 guuntur,
1003 3467 1174 3532 'liber
1225 3468 1300 3531 de
1341 3467 1646 3545 moribuS,
1694 3466 2032 3548 proverbia
2075 3464 2338 3533 Senecae
2393 3465 2719 3551 (metrica,
2780 3467 2823 3528 i.
2876 3488 2933 3533 e.

649 3566 921 3632 Publilii
950 3568 1362 3655 sententiae),
1409 3568 1772 3650 ‘parabolae
1801 3566 2066 3632 Senecae
2103 3567 2477 3650 philosoph&
2526 3566 2678 3632 Non
2717 3587 2932 3649 quem-

652 3670 991 3734 admodum
1051 3671 1223 3750 feras
1285 3672 1537 3735 interest
1591 3673 1697 3734 ete.
1760 3668 2040 3754 denique
2107 3668 2399 3732 eiusdem
2464 3666 2673 3733 libelli
2726 3666 2943 3733 altera

657 3769 857 3835 editio
903 3769 1142 3834 ‘Avida
1185 3777 1274 3836 est
1303 3772 1574 3854 periculi
1616 3773 1819 3836 virtus
1861 3775 1993 3835 ete?
2082 3769 2327 3834 Verum
2372 3773 2485 3857 qui
2528 3779 2755 3856 postea
2785 3793 2942 3857 pro-

656 3870 884 3936 verbia
929 3870 1210 3935 Senecae
1261 3872 1776 3959 descripserunt,
1835 3871 2011 3936 haud
2055 3893 2202 3937 raro
2249 3873 2789 3937 commiscuerunt
2836 3872 2943 3936 di-

656 3994 883 4055 versae
935 3973 1314 4060 propaginis
1361 3975 1749 4058 sententias,
1810 3976 1922 4060 qui
1967 3995 2075 4038 eas
2118 3973 2497 4057 ediderunt,
2555 3973 2709 4038 hinc
2751 3971 2949 4039 illinc

658 4074 1152 4163 qualiacumque
1182 4075 1468 4161 arripere
1496 4074 1673 4138 haud
1716 4075 2204 4158 dubitaverunt,
2254 4074 2603 4142 dummodo
2637 4075 2768 4140 sibi
2797 4075 2945 4163 pla-

656 4178 897 4243 cerent.
983 4175 1217 4262 Itaque
1262 4175 1605 4242 molestum
1650 4187 1749 4243 est
1792 4179 1862 4243 in
1893 4178 2151 4263 singula
2179 4179 2528 4264 inquirere.
2602 4177 2951 4243 Monuisse

658 4281 816 4344 satis
862 4279 985 4343 erit
1031 4277 1549 4365 interpolationis
1594 4279 1808 4345 fontes
1855 4281 2193 4368 primarios
2240 4279 2446 4345 fuisse
2488 4280 2948 4344 Pseudosene-

660 4403 801 4445 cam
855 4381 936 4445 de
992 4380 1312 4462 moribus,
1376 4364 1723 4467 proverbia
1778 4403 1862 4446 ex
1920 4383 2202 4448 Senecae
2268 4381 2545 4466 dialogis
2603 4392 2951 4467 excerpta,
3069 4452 3078 4460 ,

660 4482 949 4546 eiusdem
993 4482 1305 4570 epistulas
1348 4504 1425 4546 ac
1466 4483 1858 4569 tragoedias,
1906 4479 2220 4551 Senecam
2259 4484 2603 4566 rhetorem,
2650 4482 2952 4550 Pseudo-
