3209 5184
1116 493 1661 552 PRoLEGoMENA.
2442 490 2526 557 33

239 657 497 740 luerim,
569 656 775 720 multo
808 659 1047 731 ,minus
1107 656 1201 720 de
1259 658 1782 722 versionibus
1848 669 2147 724 accurate
2202 661 2526 725 disserere

239 760 304 822 in
348 761 569 824 animo
615 768 733 822 est.
824 757 1077 823 Graece
1122 761 1481 823 sententias
1527 759 1631 823 bis
1677 762 2002 846 expressit
2057 761 2101 826 J
2114 784 2216 826 os,
2269 761 2522 828 Scali-

237 883 401 945 ger:
473 860 866 935 Pithoeanas
921 881 1091 923 anno
1148 860 1343 942 1598,
1412 860 1493 924 de
1549 861 1788 947 quibus
1845 885 2042 949 supra
2097 864 2346 927 dictum
2404 873 2527 947 est,

240 962 669 1027 Gruterianas
723 984 893 1051 anno
949 961 1086 1025 fere
1145 962 1308 1027 1605
1362 961 1469 1025 vel
1531 963 1715 1028 1606.
1805 963 1908 1027 Cf.
1966 963 2388 1050 Scaligerana
2431 966 2523 1030 ΙΙ.

237 1065 294 1128 5.
326 1086 392 1127 v.
426 1063 708 1128 Gruter:
760 1063 995 1128 Gruter
1039 1066 1209 1127 avoit
1244 1064 1373 1143 fait
1416 1065 1742 1146 imprimet*
1783 1087 1875 1129 zm
1918 1065 2120 1148 Syrus
2163 1069 2525 1150 auymente';

224 1166 349 1245 j'az‘
392 1171 528 1229 tout
570 1167 801 1229 tourne'
834 1167 908 1229 de
948 1186 1237 1236 nouveau
1280 1187 1355 1229 en
1398 1166 1441 1228 4
1470 1167 1675 1247 jour&

405 1266 800 1330 Germanice
824 1268 1099 1330 vertisse
1131 1287 1239 1330 eas
1268 1266 1478 1330 fertur
1506 1267 1909 1333 Martinus
1955 1268 2302 1355 opitius.
2370 1271 2525 1336 Pro-

236 1369 499 1432 dierunt
558 1369 731 1431 enim
784 1390 952 1432 anno
1005 1368 1167 1434 1705
1221 1368 1637 1432 Francofurti
1690 1369 1775 1433 ad
1830 1369 2138 1434 Moenum
2192 1373 2366 1458 apud
2411 1372 2457 1436 J
2459 1395 2524 1436 o-

235 1470 518 1534 haffnem
562 1467 885 1533 Maximil.
930 1491 970 1531 a
1014 1469 1231 1533 Sande
1274 1470 1462 1534 ‘Cato
1509 1479 1574 1533 et
1602 1471 1791 1535 Mimi
1833 1475 2244 1555 τρίγλωττοι,
2289 1495 2527 1558 graeca

234 1594 319 1634 ex
346 1571 753 1658 metaphrasi
783 1570 922 1635 JoS.
954 1569 1294 1654 Scaligeri,
1337 1569 1729 1636 Germanice
1759 1575 2168 1659 potissimum
2198 1596 2281 1637 ex
2311 1585 2528 1639 mente

234 1674 533 1737 eiusdem
589 1683 655 1737 et
711 1671 906 1758 Casp.
964 1665 1220 1736 Bai-thii
1279 1694 1589 1759 expressa
1644 1695 1683 1737 a
1736 1674 2020 1739 Martino
2075 1674 2349 1763 Opitio’.
2395 1676 2529 1740 -At

232 1774 598 1838 verendum
661 1783 760 1837 est
811 1796 895 1837 ne
949 1773 1072 1837 hoc
1126 1773 1314 1865 titulo
1360 1777 1535 1861 capti
1594 1777 2015 1864 praeproperi
2056 1775 2284 1861 gaudii
2328 1800 2526 1841 usura

230 1875 558 1940 fruantur.
649 1876 818 1939 Nam
872 1877 941 1938 in
984 1897 1055 1938 re
1098 1875 1348 1939 incerta
1401 1877 1531 1940 tria
1586 1887 1738 1941 sunt
1791 1879 2190 1962 certissima,
2245 1880 2527 1965 primum

229 1980 299 2041 in
343 1978 444 2041 M.
490 1978 702 2064 Opitii
746 1977 1144 2042 editionibus
1190 1976 1354 2040 nihil
1398 1977 1552 2062 legi,
1600 2001 1727 2064 quo
1774 2000 1921 2043 eum
1954 1977 2224 2042 Publilii
2269 1989 2524 2044 senten-

228 2081 343 2143 tiis
392 2079 732 2142 vertendis
780 2100 1042 2165 operam
1087 2077 1349 2142 dedisse
1396 2078 1679 2162 eluceat,
1738 2078 1977 2143 deinde
2019 2078 2273 2143 fraudis
2318 2082 2526 2167 suspi-

230 2180 410 2244 cioni
450 2178 745 2244 obnoxia
790 2202 967 2261 esse,
1027 2179 1547 2266 quibuscumque
1592 2180 1787 2266 Casp.
1832 2179 2094 2244 Barthii
2136 2202 2368 2245 nomen
2412 2182 2526 2244 ad-

229 2282 483 2363 haeret,
528 2293 858 2368 postremo
902 2303 1131 2346 versus
1177 2282 1354 2370 ipsos
1400 2283 1667 2345 minime
1710 2290 1969 2369 poetam
2014 2303 2263 2368 sapere.

406 2382 602 2447 Ultra
646 2384 1065 2448 Erasmianas
1123 2385 1478 2448 sententias
1494 2433 1513 2466 ,
1572 2384 1884 2448 ducentas
1941 2385 2355 2469 septuaginta
2408 2405 2526 2445 nu-

226 2507 450 2566 mero,
496 2507 629 2548 non
674 2506 975 2569 egressus
1022 2494 1152 2567 est,
1216 2487 1328 2571 qui
1370 2508 1540 2550 anno
1591 2486 1755 2550 1809
1799 2483 2084 2549 Publilio
2130 2485 2200 2548 in
2241 2485 2525 2570 patrium

226 2608 602 2651 sermonem
632 2585 949 2650 vertendo
991 2609 1249 2649 manum
1280 2586 1596 2669 admovit,
1645 2587 1710 2652 J.
1744 2587 1820 2650 F.
1853 2587 2268 2650 Kremsier
2313 2585 2526 2672 (Lips.

225 2687 415 2776 apud
459 2688 505 2752 J
508 2709 605 2752 oa.
651 2687 997 2772 Sommer)‚
1042 2689 1173 2751 nisi
1217 2688 1390 2774 quod
1434 2687 1815 2777 appendicis
1860 2687 2001 2752 loco
2047 2687 2328 2751 subiecit
2372 2704 2538 2773 qua-‘

226 2792 621 2874 dringentas
677 2789 1069 2853 Publilianis
1126 2789 1372 2854 similes
1427 2812 1468 2853 a
1513 2790 1598 2855 G.
1645 2790 1949 2855 Fabricio
2006 2786 2339 2873 collectas;
2401 2787 2526 2851 lar-

222 2894 489 2977 giorem
521 2892 794 2957 Gruteri
836 2891 1234 2975 farraginem
1276 2891 1441 2956 alter
1482 2913 1707 2978 presse
1744 2896 2008 2956 §ocutus
2041 2900 2138 2954 est
2181 2891 2526 2975 interpres,

223 2993 711 3059 Leonardus
758 2993 1310 3076 Schwarzius,
1373 2996 1560 3058 cuius
1605 3015 1762 3058 cura
1803 2994 1872 3056 in
1916 2989 2128 3056 lucem
2172 2990 2528 3074 Gottingae

222 3118 411 3160 anno
458 3096 622 3160 1813
668 3095 845 3159 edita
890 3104 1010 3159 est.

410 3198 802 3284 Nuperrime
848 3198 1130 3283 denique
1173 3199 1242 3260 in
1286 3196 1498 3260 lucem
1527 3196 1775 3283 prodiit
1815 3196 1922 3260 hic
1950 3194 2149 3258 liber:
2197 3195 2352 3259 ‘Les
2383 3217 2526 3260 sen-

223 3312 461 3365 tences
518 3289 602 3361 de
645 3297 919 3364 Publius
967 3298 1207 3384 SyruS,
1263 3295 1582 3362 traduites
1630 3320 1710 3362 en
1753 3295 2199 3362 Alexandrins
2243 3296 2526 3381 francais

224 3425 355 3489 par
402 3399 901 3464 Anacharsis
948 3399 1304 3464 CombeS.
1379 3399 1706 3463 Toulouse
1756 3399 1963 3464 1868.’
2039 3397 2257 3477 Quam
2300 3420 2528 3484 parum

224 3505 341 3567 hic
372 3503 570 3565 homo
604 3498 841 3566 litteris
886 3498 1108 3564 latinis
1153 3502 1443 3565 imbutus
1489 3502 1597 3583 sit,
1646 3501 1799 3564 hinc
1841 3511 2132 3588 apparet,
2179 3489 2354 3588 qu‘od
2398 3503 2527 3586 pri-

222 3627 415 3668 mam
458 3602 730 3667 Publilii
773 3602 1125 3667 editionem
1167 3625 1336 3667 anno
1386 3602 1548 3667 1552
1598 3602 1953 3689 prodiisse,
2009 3611 2270 3690 poetam
2312 3604 2530 3689 ipsum

221 3730 263 3771 a
312 3705 716 3790 Domitio(!)
773 3726 967 3767 manu
1016 3706 1288 3768 missum
1332 3725 1474 3767 esse
1517 3702 1776 3789 aliaque
1820 3703 1889 3767 id
1932 3725 2138 3789 genus
2182 3725 2388 3791 aeque
2431 3705 2529 3766 in-

224 3818 391 3894 epta
436 3804 734 3870 tradidit.
