<?xml version="1.0" encoding="UTF-8"?>
<!DOCTYPE html PUBLIC "-//W3C//DTD XHTML 1.0 Transitional//EN"
    "http://www.w3.org/TR/xhtml1/DTD/xhtml1-transitional.dtd">
<html xmlns="http://www.w3.org/1999/xhtml" xml:lang="en" lang="en">
 <head>
  <title>
</title>
<meta http-equiv="Content-Type" content="text/html;charset=utf-8" />
  <meta name='ocr-system' content='tesseract 3.04.00' />
  <meta name='ocr-capabilities' content='ocr_page ocr_carea ocr_par ocr_line ocrx_word'/>
</head>
<body>
  <div class='ocr_page' id='page_1' title='image "./publiliisyrisen01martgoog_0026.png"; bbox 0 0 3209 5184; ppageno 0'>
   <div class='ocr_carea' id='block_1_1' title="bbox 666 440 2068 527">
    <p class='ocr_par' dir='ltr' id='par_1_1' title="bbox 666 440 2068 527">
     <span class='ocr_line' id='line_1_1' title="bbox 666 440 2068 527; baseline 0.001 -21"><span class='ocrx_word' id='word_1_1' title='bbox 666 440 742 507; x_wconf 88' lang='lat'>18</span> <span class='ocrx_word' id='word_1_2' title='bbox 1422 521 1426 527; x_wconf 39' lang='lat'>‚</span> <span class='ocrx_word' id='word_1_3' title='bbox 1521 452 2068 509; x_wconf 73' lang='lat' dir='ltr'>PRoLEooMENA.</span> 
     </span>
    </p>
   </div>
   <div class='ocr_carea' id='block_1_2' title="bbox 633 608 2948 4555">
    <p class='ocr_par' dir='ltr' id='par_1_2' title="bbox 633 608 2946 2299">
     <span class='ocr_line' id='line_1_2' title="bbox 827 608 2940 701; baseline -0.001 -24"><span class='ocrx_word' id='word_1_4' title='bbox 827 613 898 698; x_wconf 89' lang='grc'>6)</span> <span class='ocrx_word' id='word_1_5' title='bbox 944 611 1212 678; x_wconf 83' lang='lat' dir='ltr'>Codex</span> <span class='ocrx_word' id='word_1_6' title='bbox 1255 611 1818 699; x_wconf 83' lang='lat' dir='ltr'>Frisingensis</span> <span class='ocrx_word' id='word_1_7' title='bbox 1866 614 1986 701; x_wconf 86' lang='lat' dir='ltr'>(F)</span> <span class='ocrx_word' id='word_1_8' title='bbox 2032 613 2218 698; x_wconf 91' lang='lat' dir='ltr'>olim,</span> <span class='ocrx_word' id='word_1_9' title='bbox 2273 635 2445 677; x_wconf 90' lang='lat' dir='ltr'>nunc</span> <span class='ocrx_word' id='word_1_10' title='bbox 2487 612 2659 678; x_wconf 92' lang='lat' dir='ltr'>inter</span> <span class='ocrx_word' id='word_1_11' title='bbox 2681 608 2940 677; x_wconf 56' lang='lat' dir='ltr'>*latinos</span> 
     </span>
     <span class='ocr_line' id='line_1_3' title="bbox 657 712 2940 797; baseline 0 -19"><span class='ocrx_word' id='word_1_12' title='bbox 657 713 1082 780; x_wconf 88' lang='lat' dir='ltr'>Monacenses</span> <span class='ocrx_word' id='word_1_13' title='bbox 1138 736 1203 777; x_wconf 95' lang='lat' dir='ltr'>n.</span> <span class='ocrx_word' id='word_1_14' title='bbox 1257 713 1460 797; x_wconf 90' lang='grc'>6292,</span> <span class='ocrx_word' id='word_1_15' title='bbox 1526 716 2057 781; x_wconf 89' lang='lat' dir='ltr'>membranaceus</span> <span class='ocrx_word' id='word_1_16' title='bbox 2114 712 2357 778; x_wconf 89' lang='lat' dir='ltr'>saeculi</span> <span class='ocrx_word' id='word_1_17' title='bbox 2413 713 2538 777; x_wconf 90' lang='lat' dir='ltr'>XI.</span> <span class='ocrx_word' id='word_1_18' title='bbox 2598 714 2940 778; x_wconf 85' lang='lat' dir='ltr'>continens</span> 
     </span>
     <span class='ocr_line' id='line_1_4' title="bbox 633 807 2940 902; baseline -0.001 -23"><span class='ocrx_word' id='word_1_19' title='bbox 633 838 806 880; x_wconf 77' lang='lat' dir='ltr'>cum</span> <span class='ocrx_word' id='word_1_20' title='bbox 859 815 1021 897; x_wconf 92' lang='lat' dir='ltr'>alia,</span> <span class='ocrx_word' id='word_1_21' title='bbox 1089 823 1226 880; x_wconf 86' lang='lat' dir='ltr'>tum</span> <span class='ocrx_word' id='word_1_22' title='bbox 1283 807 1365 879; x_wconf 83' lang='lat' dir='ltr'>ex</span> <span class='ocrx_word' id='word_1_23' title='bbox 1421 818 1632 902; x_wconf 90' lang='lat' dir='ltr'>poetis</span> <span class='ocrx_word' id='word_1_24' title='bbox 1695 818 1951 882; x_wconf 89' lang='lat' dir='ltr'>Latinis</span> <span class='ocrx_word' id='word_1_25' title='bbox 2019 825 2326 901; x_wconf 89' lang='lat' dir='ltr'>excerpta</span> <span class='ocrx_word' id='word_1_26' title='bbox 2391 813 2668 901; x_wconf 92' lang='lat' dir='ltr'>ideoque</span> <span class='ocrx_word' id='word_1_27' title='bbox 2733 825 2940 878; x_wconf 90' lang='lat' dir='ltr'>certa-</span> 
     </span>
     <span class='ocr_line' id='line_1_5' title="bbox 656 914 2940 1003; baseline -0.001 -22"><span class='ocrx_word' id='word_1_28' title='bbox 656 919 775 982; x_wconf 87' lang='lat' dir='ltr'>tim</span> <span class='ocrx_word' id='word_1_29' title='bbox 818 938 861 980; x_wconf 90' lang='lat' dir='ltr'>a</span> <span class='ocrx_word' id='word_1_30' title='bbox 899 915 1249 1003; x_wconf 89' lang='lat' dir='ltr'>philologis</span> <span class='ocrx_word' id='word_1_31' title='bbox 1298 927 1361 980; x_wconf 90' lang='lat' dir='ltr'>et</span> <span class='ocrx_word' id='word_1_32' title='bbox 1404 915 1705 983; x_wconf 86' lang='lat' dir='ltr'>laudatus</span> <span class='ocrx_word' id='word_1_33' title='bbox 1752 927 1815 983; x_wconf 91' lang='lat' dir='ltr'>et</span> <span class='ocrx_word' id='word_1_34' title='bbox 1860 917 2249 1003; x_wconf 80' lang='lat' dir='ltr'>descriptus.</span> <span class='ocrx_word' id='word_1_35' title='bbox 2338 915 2442 1003; x_wconf 74' lang='lat' dir='ltr'>Cf.</span> <span class='ocrx_word' id='word_1_36' title='bbox 2487 916 2743 997; x_wconf 92' lang='lat' dir='ltr'>Aretin,</span> <span class='ocrx_word' id='word_1_37' title='bbox 2790 914 2940 979; x_wconf 91' lang='lat' dir='ltr'>Bei-</span> 
     </span>
     <span class='ocr_line' id='line_1_6' title="bbox 656 1014 2941 1105; baseline -0.001 -24"><span class='ocrx_word' id='word_1_38' title='bbox 656 1026 845 1102; x_wconf 70' lang='lat' dir='ltr'>trage</span> <span class='ocrx_word' id='word_1_39' title='bbox 875 1018 936 1099; x_wconf 83' lang='lat'>7,</span> <span class='ocrx_word' id='word_1_40' title='bbox 983 1041 1051 1104; x_wconf 90' lang='lat' dir='ltr'>p.</span> <span class='ocrx_word' id='word_1_41' title='bbox 1080 1017 1229 1101; x_wconf 81' lang='lat'>257,</span> <span class='ocrx_word' id='word_1_42' title='bbox 1277 1027 1341 1082; x_wconf 92' lang='lat' dir='ltr'>et</span> <span class='ocrx_word' id='word_1_43' title='bbox 1382 1041 1502 1083; x_wconf 89' lang='lat' dir='ltr'>nos</span> <span class='ocrx_word' id='word_1_44' title='bbox 1548 1019 1634 1081; x_wconf 92' lang='lat' dir='ltr'>ad</span> <span class='ocrx_word' id='word_1_45' title='bbox 1667 1016 2350 1105; x_wconf 87' lang='lat' dir='ltr'>(Pseudo)Caecilium</span> <span class='ocrx_word' id='word_1_46' title='bbox 2381 1014 2662 1081; x_wconf 86' lang='lat' dir='ltr'>Balbum</span> <span class='ocrx_word' id='word_1_47' title='bbox 2691 1038 2801 1103; x_wconf 92' lang='lat' dir='ltr'>pg.</span> <span class='ocrx_word' id='word_1_48' title='bbox 2838 1018 2941 1081; x_wconf 82' lang='lat'>17.</span> 
     </span>
     <span class='ocr_line' id='line_1_7' title="bbox 656 1117 2941 1207; baseline -0 -25"><span class='ocrx_word' id='word_1_49' title='bbox 656 1118 738 1182; x_wconf 89' lang='lat' dir='ltr'>In</span> <span class='ocrx_word' id='word_1_50' title='bbox 781 1119 952 1183; x_wconf 90' lang='lat' dir='ltr'>hunc</span> <span class='ocrx_word' id='word_1_51' title='bbox 997 1118 1308 1201; x_wconf 80' lang='lat' dir='ltr'><strong>codicem,</strong></span> <span class='ocrx_word' id='word_1_52' title='bbox 1354 1118 1936 1207; x_wconf 86' lang='lat' dir='ltr'>locupletissimum</span> <span class='ocrx_word' id='word_1_53' title='bbox 1979 1119 2287 1201; x_wconf 90' lang='lat' dir='ltr'>omnium,</span> <span class='ocrx_word' id='word_1_54' title='bbox 2336 1119 2577 1205; x_wconf 83' lang='lat' dir='ltr'>quippe</span> <span class='ocrx_word' id='word_1_55' title='bbox 2618 1119 2730 1204; x_wconf 92' lang='lat' dir='ltr'>qui</span> <span class='ocrx_word' id='word_1_56' title='bbox 2761 1117 2941 1183; x_wconf 89' lang='lat' dir='ltr'>solus</span> 
     </span>
     <span class='ocr_line' id='line_1_8' title="bbox 655 1217 2943 1307; baseline 0 -25"><span class='ocrx_word' id='word_1_57' title='bbox 655 1220 1017 1284; x_wconf 84' lang='lat' dir='ltr'>servaverit</span> <span class='ocrx_word' id='word_1_58' title='bbox 1059 1221 1484 1306; x_wconf 83' lang='lat' dir='ltr'>posteriorem</span> <span class='ocrx_word' id='word_1_59' title='bbox 1528 1222 2000 1285; x_wconf 90' lang='lat' dir='ltr'>sententiarum</span> <span class='ocrx_word' id='word_1_60' title='bbox 2042 1228 2293 1307; x_wconf 87' lang='lat' dir='ltr'>partem</span> <span class='ocrx_word' id='word_1_61' title='bbox 2330 1217 2435 1303; x_wconf 90' lang='lat' dir='ltr'>(N</span> <span class='ocrx_word' id='word_1_62' title='bbox 2431 1258 2506 1265; x_wconf 92' lang='lat'>—</span> <span class='ocrx_word' id='word_1_63' title='bbox 2526 1219 2612 1304; x_wconf 91' lang='lat' dir='ltr'>V)</span> <span class='ocrx_word' id='word_1_64' title='bbox 2660 1228 2724 1283; x_wconf 92' lang='lat' dir='ltr'>et</span> <span class='ocrx_word' id='word_1_65' title='bbox 2767 1218 2943 1305; x_wconf 89' lang='lat' dir='ltr'>prio-</span> 
     </span>
     <span class='ocr_line' id='line_1_9' title="bbox 656 1319 2944 1407; baseline 0 -23"><span class='ocrx_word' id='word_1_66' title='bbox 656 1344 794 1385; x_wconf 89' lang='lat' dir='ltr'>rem</span> <span class='ocrx_word' id='word_1_67' title='bbox 824 1330 1084 1386; x_wconf 88' lang='lat' dir='ltr'>centum</span> <span class='ocrx_word' id='word_1_68' title='bbox 1115 1320 1251 1383; x_wconf 89' lang='lat' dir='ltr'>fere</span> <span class='ocrx_word' id='word_1_69' title='bbox 1280 1322 1581 1388; x_wconf 87' lang='lat' dir='ltr'>versibus</span> <span class='ocrx_word' id='word_1_70' title='bbox 1614 1333 1893 1406; x_wconf 79' lang='lat' dir='ltr'>auctam,</span> <span class='ocrx_word' id='word_1_71' title='bbox 1940 1322 2059 1387; x_wconf 91' lang='lat' dir='ltr'>sed</span> <span class='ocrx_word' id='word_1_72' title='bbox 2086 1319 2277 1385; x_wconf 90' lang='lat' dir='ltr'>titulo</span> <span class='ocrx_word' id='word_1_73' title='bbox 2310 1329 2659 1404; x_wconf 84' lang='lat' dir='ltr'>carentem,</span> <span class='ocrx_word' id='word_1_74' title='bbox 2692 1322 2944 1407; x_wconf 89' lang='lat' dir='ltr'>primus</span> 
     </span>
     <span class='ocr_line' id='line_1_10' title="bbox 656 1420 2944 1511; baseline -0 -24"><span class='ocrx_word' id='word_1_75' title='bbox 656 1422 890 1488; x_wconf 81' lang='lat' dir='ltr'>incidit</span> <span class='ocrx_word' id='word_1_76' title='bbox 933 1423 1025 1487; x_wconf 88' lang='lat' dir='ltr'>M.</span> <span class='ocrx_word' id='word_1_77' title='bbox 1070 1420 1378 1487; x_wconf 86' lang='lat' dir='ltr'>Velserus</span> <span class='ocrx_word' id='word_1_78' title='bbox 1394 1470 1413 1504; x_wconf 97' lang='lat'>,</span> <span class='ocrx_word' id='word_1_79' title='bbox 1461 1445 1586 1510; x_wconf 90' lang='lat' dir='ltr'>quo</span> <span class='ocrx_word' id='word_1_80' title='bbox 1631 1434 1894 1489; x_wconf 92' lang='lat' dir='ltr'>auctore</span> <span class='ocrx_word' id='word_1_81' title='bbox 1938 1422 2268 1511; x_wconf 78' lang='lat' dir='ltr'>professor</span> <span class='ocrx_word' id='word_1_82' title='bbox 2311 1421 2575 1508; x_wconf 89' lang='lat' dir='ltr'>quidam</span> <span class='ocrx_word' id='word_1_83' title='bbox 2619 1421 2944 1506; x_wconf 85' lang='lat' dir='ltr'>Ingolsta—</span> 
     </span>
     <span class='ocr_line' id='line_1_11' title="bbox 656 1523 2944 1610; baseline -0 -22"><span class='ocrx_word' id='word_1_84' title='bbox 656 1525 902 1589; x_wconf 82' lang='lat' dir='ltr'>diensis</span> <span class='ocrx_word' id='word_1_85' title='bbox 957 1523 1315 1589; x_wconf 90' lang='lat' dir='ltr'>Publilium</span> <span class='ocrx_word' id='word_1_86' title='bbox 1371 1523 1612 1610; x_wconf 86' lang='lat' dir='ltr'>Syrum</span> <span class='ocrx_word' id='word_1_87' title='bbox 1664 1547 1833 1590; x_wconf 90' lang='lat' dir='ltr'>anno</span> <span class='ocrx_word' id='word_1_88' title='bbox 1897 1525 2059 1589; x_wconf 85' lang='lat'>1600</span> <span class='ocrx_word' id='word_1_89' title='bbox 2128 1524 2369 1605; x_wconf 87' lang='lat' dir='ltr'>edidit,</span> <span class='ocrx_word' id='word_1_90' title='bbox 2439 1533 2513 1589; x_wconf 87' lang='lat' dir='ltr'>ut</span> <span class='ocrx_word' id='word_1_91' title='bbox 2569 1523 2741 1587; x_wconf 88' lang='lat' dir='ltr'>infra</span> <span class='ocrx_word' id='word_1_92' title='bbox 2795 1544 2944 1587; x_wconf 92' lang='lat' dir='ltr'>nar-</span> 
     </span>
     <span class='ocr_line' id='line_1_12' title="bbox 653 1624 2945 1712; baseline -0 -22"><span class='ocrx_word' id='word_1_93' title='bbox 653 1627 925 1690; x_wconf 87' lang='lat' dir='ltr'>rabitur.</span> <span class='ocrx_word' id='word_1_94' title='bbox 1014 1625 1139 1691; x_wconf 87' lang='lat' dir='ltr'>Sed</span> <span class='ocrx_word' id='word_1_95' title='bbox 1187 1626 1265 1708; x_wconf 84' lang='lat' dir='ltr'>is,</span> <span class='ocrx_word' id='word_1_96' title='bbox 1313 1646 1704 1712; x_wconf 90' lang='lat' dir='ltr'>quamquam</span> <span class='ocrx_word' id='word_1_97' title='bbox 1748 1624 2018 1707; x_wconf 79' lang='lat' dir='ltr'>editoris</span> <span class='ocrx_word' id='word_1_98' title='bbox 2065 1646 2205 1690; x_wconf 88' lang='lat' dir='ltr'>esse</span> <span class='ocrx_word' id='word_1_99' title='bbox 2233 1625 2519 1689; x_wconf 88' lang='lat' dir='ltr'>officium</span> <span class='ocrx_word' id='word_1_100' title='bbox 2552 1624 2726 1689; x_wconf 88' lang='lat' dir='ltr'>haud</span> <span class='ocrx_word' id='word_1_101' title='bbox 2756 1626 2945 1709; x_wconf 91' lang='lat' dir='ltr'>igno-</span> 
     </span>
     <span class='ocr_line' id='line_1_13' title="bbox 653 1725 2944 1811; baseline -0 -20"><span class='ocrx_word' id='word_1_102' title='bbox 653 1729 848 1811; x_wconf 85' lang='lat' dir='ltr'>ravit,</span> <span class='ocrx_word' id='word_1_103' title='bbox 894 1728 1025 1793; x_wconf 90' lang='lat' dir='ltr'>nisi</span> <span class='ocrx_word' id='word_1_104' title='bbox 1068 1727 1312 1791; x_wconf 89' lang='lat' dir='ltr'>monito</span> <span class='ocrx_word' id='word_1_105' title='bbox 1356 1725 1596 1791; x_wconf 91' lang='lat' dir='ltr'>lectore</span> <span class='ocrx_word' id='word_1_106' title='bbox 1638 1749 1679 1790; x_wconf 90' lang='lat' dir='ltr'>a</span> <span class='ocrx_word' id='word_1_107' title='bbox 1721 1728 2020 1811; x_wconf 87' lang='lat' dir='ltr'>vestigiis</span> <span class='ocrx_word' id='word_1_108' title='bbox 2050 1726 2205 1792; x_wconf 90' lang='lat' dir='ltr'>libri</span> <span class='ocrx_word' id='word_1_109' title='bbox 2233 1749 2425 1791; x_wconf 92' lang='lat' dir='ltr'>mscr.</span> <span class='ocrx_word' id='word_1_110' title='bbox 2453 1748 2586 1790; x_wconf 91' lang='lat' dir='ltr'>non</span> <span class='ocrx_word' id='word_1_111' title='bbox 2613 1725 2944 1809; x_wconf 88' lang='lat' dir='ltr'>recedere,</span> 
     </span>
     <span class='ocr_line' id='line_1_14' title="bbox 652 1827 2945 1916; baseline 0 -24"><span class='ocrx_word' id='word_1_112' title='bbox 652 1837 907 1910; x_wconf 88' lang='lat' dir='ltr'>tamen,</span> <span class='ocrx_word' id='word_1_113' title='bbox 960 1837 1036 1892; x_wconf 89' lang='lat' dir='ltr'>ut</span> <span class='ocrx_word' id='word_1_114' title='bbox 1080 1849 1220 1892; x_wconf 91' lang='lat' dir='ltr'>mos</span> <span class='ocrx_word' id='word_1_115' title='bbox 1267 1836 1407 1891; x_wconf 91' lang='lat' dir='ltr'>erat</span> <span class='ocrx_word' id='word_1_116' title='bbox 1449 1827 1915 1915; x_wconf 89' lang='lat' dir='ltr'>permultorum</span> <span class='ocrx_word' id='word_1_117' title='bbox 1961 1827 2089 1892; x_wconf 91' lang='lat' dir='ltr'>illis</span> <span class='ocrx_word' id='word_1_118' title='bbox 2133 1828 2535 1916; x_wconf 88' lang='lat' dir='ltr'>temporibus</span> <span class='ocrx_word' id='word_1_119' title='bbox 2580 1827 2945 1915; x_wconf 83' lang='lat' dir='ltr'>philologo-</span> 
     </span>
     <span class='ocr_line' id='line_1_15' title="bbox 651 1927 2945 2019; baseline -0 -26"><span class='ocrx_word' id='word_1_120' title='bbox 651 1952 791 1993; x_wconf 90' lang='lat' dir='ltr'>rum</span> <span class='ocrx_word' id='word_1_121' title='bbox 808 1978 826 2011; x_wconf 92' lang='lat'>,</span> <span class='ocrx_word' id='word_1_122' title='bbox 872 1939 1009 1994; x_wconf 90' lang='lat' dir='ltr'>tam</span> <span class='ocrx_word' id='word_1_123' title='bbox 1051 1927 1255 1993; x_wconf 89' lang='lat' dir='ltr'>multa</span> <span class='ocrx_word' id='word_1_124' title='bbox 1298 1930 1538 2019; x_wconf 84' lang='lat' dir='ltr'>omisit,</span> <span class='ocrx_word' id='word_1_125' title='bbox 1584 1940 1722 1993; x_wconf 91' lang='lat' dir='ltr'>tam</span> <span class='ocrx_word' id='word_1_126' title='bbox 1764 1928 1967 1994; x_wconf 90' lang='lat' dir='ltr'>multa</span> <span class='ocrx_word' id='word_1_127' title='bbox 2011 1931 2270 1994; x_wconf 89' lang='lat' dir='ltr'>inscitia</span> <span class='ocrx_word' id='word_1_128' title='bbox 2315 1929 2483 1993; x_wconf 92' lang='lat' dir='ltr'>male</span> <span class='ocrx_word' id='word_1_129' title='bbox 2524 1929 2945 1994; x_wconf 88' lang='lat' dir='ltr'>administra-</span> 
     </span>
     <span class='ocr_line' id='line_1_16' title="bbox 653 2024 2946 2119; baseline 0 -25"><span class='ocrx_word' id='word_1_130' title='bbox 653 2032 774 2115; x_wconf 90' lang='lat' dir='ltr'>vit,</span> <span class='ocrx_word' id='word_1_131' title='bbox 818 2040 891 2096; x_wconf 91' lang='lat' dir='ltr'>ut</span> <span class='ocrx_word' id='word_1_132' title='bbox 935 2053 1060 2118; x_wconf 91' lang='lat' dir='ltr'>quo</span> <span class='ocrx_word' id='word_1_133' title='bbox 1104 2029 1527 2117; x_wconf 82' lang='lat' dir='ltr'>fundamento</span> <span class='ocrx_word' id='word_1_134' title='bbox 1574 2032 1803 2096; x_wconf 90' lang='lat' dir='ltr'>critico</span> <span class='ocrx_word' id='word_1_135' title='bbox 1846 2040 2176 2119; x_wconf 86' lang='lat' dir='ltr'>tamquam</span> <span class='ocrx_word' id='word_1_136' title='bbox 2221 2033 2379 2096; x_wconf 88' lang='lat' dir='ltr'>satis</span> <span class='ocrx_word' id='word_1_137' title='bbox 2424 2024 2608 2097; x_wconf 82' lang='lat' dir='ltr'>firmo</span> <span class='ocrx_word' id='word_1_138' title='bbox 2645 2052 2716 2095; x_wconf 87' lang='lat' dir='ltr'>se</span> <span class='ocrx_word' id='word_1_139' title='bbox 2745 2030 2946 2119; x_wconf 80' lang='lat' dir='ltr'>inniti</span> 
     </span>
     <span class='ocr_line' id='line_1_17' title="bbox 651 2124 2944 2220; baseline -0.001 -23"><span class='ocrx_word' id='word_1_140' title='bbox 651 2133 863 2198; x_wconf 91' lang='lat' dir='ltr'>nostri</span> <span class='ocrx_word' id='word_1_141' title='bbox 907 2129 1150 2197; x_wconf 89' lang='lat' dir='ltr'>saeculi</span> <span class='ocrx_word' id='word_1_142' title='bbox 1196 2124 1478 2197; x_wconf 88' lang='lat' dir='ltr'>editores</span> <span class='ocrx_word' id='word_1_143' title='bbox 1525 2133 1777 2219; x_wconf 89' lang='lat' dir='ltr'>opinati</span> <span class='ocrx_word' id='word_1_144' title='bbox 1821 2142 2001 2214; x_wconf 89' lang='lat' dir='ltr'>sunt,</span> <span class='ocrx_word' id='word_1_145' title='bbox 2048 2131 2117 2196; x_wconf 93' lang='lat' dir='ltr'>id</span> <span class='ocrx_word' id='word_1_146' title='bbox 2163 2133 2379 2220; x_wconf 91' lang='lat' dir='ltr'>potius</span> <span class='ocrx_word' id='word_1_147' title='bbox 2424 2132 2944 2219; x_wconf 85' lang='lat' dir='ltr'>infirmissimum</span> 
     </span>
     <span class='ocr_line' id='line_1_18' title="bbox 651 2233 1311 2299; baseline -0.002 0"><span class='ocrx_word' id='word_1_148' title='bbox 651 2236 742 2299; x_wconf 87' lang='lat' dir='ltr'>sit</span> <span class='ocrx_word' id='word_1_149' title='bbox 787 2233 1311 2298; x_wconf 88' lang='lat' dir='ltr'>existimandum.</span> 
     </span>
    </p>

    <p class='ocr_par' dir='ltr' id='par_1_3' title="bbox 648 2332 2948 3131">
     <span class='ocr_line' id='line_1_19' title="bbox 820 2332 2941 2421; baseline -0 -21"><span class='ocrx_word' id='word_1_150' title='bbox 820 2334 1203 2401; x_wconf 90' lang='lat' dir='ltr'>Simillimus</span> <span class='ocrx_word' id='word_1_151' title='bbox 1249 2335 1661 2420; x_wconf 85' lang='lat' dir='ltr'>Frisingensi</span> <span class='ocrx_word' id='word_1_152' title='bbox 1705 2348 1805 2401; x_wconf 90' lang='lat' dir='ltr'>est</span> <span class='ocrx_word' id='word_1_153' title='bbox 1859 2337 1926 2421; x_wconf 82' lang='lat'>7)</span> <span class='ocrx_word' id='word_1_154' title='bbox 1975 2332 2230 2402; x_wconf 82' lang='lat' dir='ltr'>codex</span> <span class='ocrx_word' id='word_1_155' title='bbox 2271 2334 2941 2401; x_wconf 87' lang='lat' dir='ltr'>Vindobonensis</span> 
     </span>
     <span class='ocr_line' id='line_1_20' title="bbox 649 2435 2948 2527; baseline -0 -26"><span class='ocrx_word' id='word_1_156' title='bbox 649 2437 775 2501; x_wconf 83' lang='lat'>368</span> <span class='ocrx_word' id='word_1_157' title='bbox 824 2436 984 2521; x_wconf 87' lang='lat' dir='ltr'>(V),</span> <span class='ocrx_word' id='word_1_158' title='bbox 1031 2436 1279 2502; x_wconf 89' lang='lat' dir='ltr'>saeculi</span> <span class='ocrx_word' id='word_1_159' title='bbox 1326 2436 1451 2501; x_wconf 91' lang='lat' dir='ltr'>XI.</span> <span class='ocrx_word' id='word_1_160' title='bbox 1498 2439 1589 2501; x_wconf 91' lang='lat' dir='ltr'>ita</span> <span class='ocrx_word' id='word_1_161' title='bbox 1635 2437 1938 2520; x_wconf 78' lang='lat' dir='ltr'>mutiIUS,</span> <span class='ocrx_word' id='word_1_162' title='bbox 1993 2447 2069 2502; x_wconf 93' lang='lat' dir='ltr'>ut</span> <span class='ocrx_word' id='word_1_163' title='bbox 2113 2435 2373 2501; x_wconf 90' lang='lat' dir='ltr'>deficiat</span> <span class='ocrx_word' id='word_1_164' title='bbox 2416 2438 2643 2527; x_wconf 50' lang='lat'>3212]</span> <span class='ocrx_word' id='word_1_165' title='bbox 2697 2438 2768 2501; x_wconf 87' lang='lat' dir='ltr'>in</span> <span class='ocrx_word' id='word_1_166' title='bbox 2810 2437 2948 2501; x_wconf 88' lang='lat' dir='ltr'>fine</span> 
     </span>
     <span class='ocr_line' id='line_1_21' title="bbox 650 2536 2947 2624; baseline 0 -22"><span class='ocrx_word' id='word_1_167' title='bbox 650 2538 909 2603; x_wconf 87' lang='lat' dir='ltr'>litterae</span> <span class='ocrx_word' id='word_1_168' title='bbox 955 2538 1029 2602; x_wconf 93' lang='lat' dir='ltr'>C.</span> <span class='ocrx_word' id='word_1_169' title='bbox 1119 2536 1333 2602; x_wconf 86' lang='lat' dir='ltr'>Huius</span> <span class='ocrx_word' id='word_1_170' title='bbox 1390 2537 1813 2624; x_wconf 88' lang='lat' dir='ltr'>apographon</span> <span class='ocrx_word' id='word_1_171' title='bbox 1862 2540 2042 2624; x_wconf 89' lang='lat' dir='ltr'>typis</span> <span class='ocrx_word' id='word_1_172' title='bbox 2100 2539 2388 2603; x_wconf 86' lang='lat' dir='ltr'>exscribi</span> <span class='ocrx_word' id='word_1_173' title='bbox 2433 2539 2623 2602; x_wconf 88' lang='lat' dir='ltr'>iussit</span> <span class='ocrx_word' id='word_1_174' title='bbox 2668 2537 2947 2602; x_wconf 86' lang='lat' dir='ltr'>Carolus</span> 
     </span>
     <span class='ocr_line' id='line_1_22' title="bbox 651 2638 2946 2726; baseline -0 -21"><span class='ocrx_word' id='word_1_175' title='bbox 651 2638 944 2705; x_wconf 86' lang='lat' dir='ltr'>Schenkl</span> <span class='ocrx_word' id='word_1_176' title='bbox 978 2640 1049 2704; x_wconf 90' lang='lat' dir='ltr'>in</span> <span class='ocrx_word' id='word_1_177' title='bbox 1079 2638 1301 2704; x_wconf 92' lang='lat' dir='ltr'>libello</span> <span class='ocrx_word' id='word_1_178' title='bbox 1333 2640 1681 2726; x_wconf 87' lang='lat' dir='ltr'>inscripto:</span> <span class='ocrx_word' id='word_1_179' title='bbox 1728 2640 2038 2726; x_wconf 71' lang='lat' dir='ltr'>Beitrage</span> <span class='ocrx_word' id='word_1_180' title='bbox 2067 2662 2188 2704; x_wconf 87' lang='lat' dir='ltr'>zur</span> <span class='ocrx_word' id='word_1_181' title='bbox 2215 2639 2449 2704; x_wconf 88' lang='lat' dir='ltr'>Kritik</span> <span class='ocrx_word' id='word_1_182' title='bbox 2481 2639 2595 2704; x_wconf 89' lang='lat' dir='ltr'>des</span> <span class='ocrx_word' id='word_1_183' title='bbox 2626 2641 2946 2704; x_wconf 88' lang='lat' dir='ltr'>Annaeus</span> 
     </span>
     <span class='ocr_line' id='line_1_23' title="bbox 651 2740 2942 2827; baseline -0 -21"><span class='ocrx_word' id='word_1_184' title='bbox 651 2741 920 2823; x_wconf 85' lang='lat' dir='ltr'>Seneca,</span> <span class='ocrx_word' id='word_1_185' title='bbox 971 2741 1155 2824; x_wconf 83' lang='lat'>1864,</span> <span class='ocrx_word' id='word_1_186' title='bbox 1201 2762 1310 2827; x_wconf 91' lang='lat' dir='ltr'>pg.</span> <span class='ocrx_word' id='word_1_187' title='bbox 1357 2741 1460 2806; x_wconf 89' lang='grc'>64.</span> <span class='ocrx_word' id='word_1_188' title='bbox 1550 2740 1719 2805; x_wconf 89' lang='lat' dir='ltr'>Cum</span> <span class='ocrx_word' id='word_1_189' title='bbox 1762 2743 1849 2806; x_wconf 86' lang='lat' dir='ltr'>sit</span> <span class='ocrx_word' id='word_1_190' title='bbox 1892 2742 1952 2806; x_wconf 90' lang='lat' dir='ltr'>is</span> <span class='ocrx_word' id='word_1_191' title='bbox 1999 2763 2310 2807; x_wconf 87' lang='lat' dir='ltr'>versuum</span> <span class='ocrx_word' id='word_1_192' title='bbox 2354 2743 2548 2825; x_wconf 91' lang='lat' dir='ltr'>ordo,</span> <span class='ocrx_word' id='word_1_193' title='bbox 2594 2751 2667 2806; x_wconf 90' lang='lat' dir='ltr'>ut</span> <span class='ocrx_word' id='word_1_194' title='bbox 2710 2763 2781 2805; x_wconf 80' lang='lat' dir='ltr'>se</span> <span class='ocrx_word' id='word_1_195' title='bbox 2824 2763 2942 2805; x_wconf 92' lang='lat' dir='ltr'>ex-</span> 
     </span>
     <span class='ocr_line' id='line_1_24' title="bbox 650 2839 2944 2930; baseline -0 -23"><span class='ocrx_word' id='word_1_196' title='bbox 650 2844 896 2929; x_wconf 90' lang='lat' dir='ltr'>cipiant</span> <span class='ocrx_word' id='word_1_197' title='bbox 940 2864 1006 2908; x_wconf 88' lang='lat' dir='ltr'>v.</span> <span class='ocrx_word' id='word_1_198' title='bbox 1056 2839 1112 2905; x_wconf 86' lang='lat'>1.</span> <span class='ocrx_word' id='word_1_199' title='bbox 1156 2842 1220 2906; x_wconf 87' lang='grc'>3.</span> <span class='ocrx_word' id='word_1_200' title='bbox 1263 2842 1326 2907; x_wconf 84' lang='grc'>5.</span> <span class='ocrx_word' id='word_1_201' title='bbox 1372 2844 1432 2907; x_wconf 83' lang='lat'>7.</span> <span class='ocrx_word' id='word_1_202' title='bbox 1479 2842 1541 2908; x_wconf 90' lang='lat'>9.</span> <span class='ocrx_word' id='word_1_203' title='bbox 1592 2892 1606 2906; x_wconf 93' lang='lat'><strong>.</strong></span> <span class='ocrx_word' id='word_1_204' title='bbox 1658 2890 1673 2907; x_wconf 93' lang='lat'><strong>.</strong></span> <span class='ocrx_word' id='word_1_205' title='bbox 1724 2893 1738 2906; x_wconf 95' lang='lat'><strong>.</strong></span> <span class='ocrx_word' id='word_1_206' title='bbox 1786 2843 1849 2906; x_wconf 93' lang='grc'>2.</span> <span class='ocrx_word' id='word_1_207' title='bbox 1893 2842 1956 2906; x_wconf 89' lang='grc'>4.</span> <span class='ocrx_word' id='word_1_208' title='bbox 2000 2843 2063 2907; x_wconf 89' lang='grc'>6.</span> <span class='ocrx_word' id='word_1_209' title='bbox 2108 2844 2169 2907; x_wconf 88' lang='grc'>8.</span> <span class='ocrx_word' id='word_1_210' title='bbox 2220 2844 2300 2908; x_wconf 90' lang='grc'>10</span> <span class='ocrx_word' id='word_1_211' title='bbox 2348 2892 2361 2907; x_wconf 91' lang='grc'><strong>.</strong></span> <span class='ocrx_word' id='word_1_212' title='bbox 2409 2892 2423 2906; x_wconf 91' lang='grc'><strong>.</strong></span> <span class='ocrx_word' id='word_1_213' title='bbox 2473 2892 2523 2927; x_wconf 93' lang='grc'>.,</span> <span class='ocrx_word' id='word_1_214' title='bbox 2567 2851 2680 2908; x_wconf 89' lang='lat' dir='ltr'>aut</span> <span class='ocrx_word' id='word_1_215' title='bbox 2722 2844 2944 2930; x_wconf 89' lang='lat' dir='ltr'>ipsum</span> 
     </span>
     <span class='ocr_line' id='line_1_25' title="bbox 652 2942 2942 3031; baseline -0 -22"><span class='ocrx_word' id='word_1_216' title='bbox 652 2944 943 3010; x_wconf 88' lang='lat' dir='ltr'>codicem</span> <span class='ocrx_word' id='word_1_217' title='bbox 995 2953 1108 3009; x_wconf 89' lang='lat' dir='ltr'>aut</span> <span class='ocrx_word' id='word_1_218' title='bbox 1163 2943 1347 3008; x_wconf 90' lang='lat' dir='ltr'>illum</span> <span class='ocrx_word' id='word_1_219' title='bbox 1363 2993 1382 3027; x_wconf 94' lang='lat'>,</span> <span class='ocrx_word' id='word_1_220' title='bbox 1439 2942 1614 3008; x_wconf 90' lang='lat' dir='ltr'>unde</span> <span class='ocrx_word' id='word_1_221' title='bbox 1667 2944 2178 3010; x_wconf 89' lang='lat' dir='ltr'>Vindobonense</span> <span class='ocrx_word' id='word_1_222' title='bbox 2231 2945 2668 3031; x_wconf 85' lang='lat' dir='ltr'>fragmentum</span> <span class='ocrx_word' id='word_1_223' title='bbox 2721 2944 2942 3027; x_wconf 86' lang='lat' dir='ltr'>fluxit,</span> 
     </span>
     <span class='ocr_line' id='line_1_26' title="bbox 648 3043 2194 3131; baseline 0 -21"><span class='ocrx_word' id='word_1_224' title='bbox 648 3047 824 3110; x_wconf 89' lang='lat' dir='ltr'>binis</span> <span class='ocrx_word' id='word_1_225' title='bbox 873 3045 1188 3111; x_wconf 88' lang='lat' dir='ltr'>columnis</span> <span class='ocrx_word' id='word_1_226' title='bbox 1235 3046 1551 3131; x_wconf 85' lang='lat' dir='ltr'>scriptum</span> <span class='ocrx_word' id='word_1_227' title='bbox 1593 3044 1799 3109; x_wconf 88' lang='lat' dir='ltr'>fuisse</span> <span class='ocrx_word' id='word_1_228' title='bbox 1844 3043 2194 3130; x_wconf 88' lang='lat' dir='ltr'>colligitur.</span> 
     </span>
    </p>

    <p class='ocr_par' dir='ltr' id='par_1_4' title="bbox 646 3146 2947 3821">
     <span class='ocr_line' id='line_1_27' title="bbox 826 3146 2944 3236; baseline -0 -24"><span class='ocrx_word' id='word_1_229' title='bbox 826 3146 1112 3212; x_wconf 89' lang='lat' dir='ltr'>Selectas</span> <span class='ocrx_word' id='word_1_230' title='bbox 1156 3156 1409 3211; x_wconf 90' lang='lat' dir='ltr'>tantum</span> <span class='ocrx_word' id='word_1_231' title='bbox 1456 3148 1834 3231; x_wconf 89' lang='lat' dir='ltr'>sententias,</span> <span class='ocrx_word' id='word_1_232' title='bbox 1882 3147 2119 3234; x_wconf 90' lang='lat' dir='ltr'>quibus</span> <span class='ocrx_word' id='word_1_233' title='bbox 2163 3149 2559 3236; x_wconf 88' lang='lat' dir='ltr'>praecedunt</span> <span class='ocrx_word' id='word_1_234' title='bbox 2590 3146 2944 3213; x_wconf 88' lang='lat' dir='ltr'>Sallustius</span> 
     </span>
     <span class='ocr_line' id='line_1_28' title="bbox 649 3247 2942 3334; baseline 0 -23"><span class='ocrx_word' id='word_1_235' title='bbox 649 3258 714 3313; x_wconf 89' lang='lat' dir='ltr'>et</span> <span class='ocrx_word' id='word_1_236' title='bbox 757 3247 976 3312; x_wconf 87' lang='lat' dir='ltr'>Julius</span> <span class='ocrx_word' id='word_1_237' title='bbox 1006 3248 1554 3334; x_wconf 88' lang='lat' dir='ltr'>Exsuperantius,</span> <span class='ocrx_word' id='word_1_238' title='bbox 1600 3247 1778 3313; x_wconf 91' lang='lat' dir='ltr'>nullo</span> <span class='ocrx_word' id='word_1_239' title='bbox 1822 3249 2179 3334; x_wconf 89' lang='lat' dir='ltr'>praemisso</span> <span class='ocrx_word' id='word_1_240' title='bbox 2223 3249 2413 3313; x_wconf 91' lang='lat' dir='ltr'>titulo</span> <span class='ocrx_word' id='word_1_241' title='bbox 2457 3248 2656 3313; x_wconf 88' lang='lat' dir='ltr'>habet</span> <span class='ocrx_word' id='word_1_242' title='bbox 2698 3248 2785 3333; x_wconf 82' lang='lat'>8)</span> <span class='ocrx_word' id='word_1_243' title='bbox 2810 3270 2942 3312; x_wconf 89' lang='lat' dir='ltr'>co—</span> 
     </span>
     <span class='ocr_line' id='line_1_29' title="bbox 649 3348 2942 3438; baseline 0 -25"><span class='ocrx_word' id='word_1_244' title='bbox 649 3350 805 3414; x_wconf 91' lang='lat' dir='ltr'>dex</span> <span class='ocrx_word' id='word_1_245' title='bbox 848 3349 1274 3414; x_wconf 89' lang='lat' dir='ltr'>Parisinus</span> <span class='ocrx_word' id='word_1_246' title='bbox 1323 3349 1456 3414; x_wconf 90' lang='lat' dir='ltr'>lat.</span> <span class='ocrx_word' id='word_1_247' title='bbox 1503 3350 1704 3430; x_wconf 83' lang='lat'>6085,</span> <span class='ocrx_word' id='word_1_248' title='bbox 1751 3349 2594 3433; x_wconf 74' lang='lat' dir='ltr'>membranaceuS,‘saeculi</span> <span class='ocrx_word' id='word_1_249' title='bbox 2640 3350 2765 3414; x_wconf 91' lang='lat' dir='ltr'>XI.</span> <span class='ocrx_word' id='word_1_250' title='bbox 2812 3348 2942 3438; x_wconf 84' lang='lat' dir='ltr'>(E)</span> 
     </span>
     <span class='ocr_line' id='line_1_30' title="bbox 648 3450 2943 3539; baseline -0 -23"><span class='ocrx_word' id='word_1_251' title='bbox 648 3451 752 3516; x_wconf 85' lang='lat' dir='ltr'>Cf.</span> <span class='ocrx_word' id='word_1_252' title='bbox 799 3451 1132 3516; x_wconf 87' lang='lat' dir='ltr'>Dietschii</span> <span class='ocrx_word' id='word_1_253' title='bbox 1189 3450 1570 3517; x_wconf 89' lang='lat' dir='ltr'>Sallustium</span> <span class='ocrx_word' id='word_1_254' title='bbox 1615 3451 1826 3538; x_wconf 89' lang='lat' dir='ltr'>(Lips.</span> <span class='ocrx_word' id='word_1_255' title='bbox 1877 3452 2070 3536; x_wconf 85' lang='lat'>1859)</span> <span class='ocrx_word' id='word_1_256' title='bbox 2115 3452 2244 3521; x_wconf 90' lang='lat' dir='ltr'>vol.</span> <span class='ocrx_word' id='word_1_257' title='bbox 2290 3452 2346 3517; x_wconf 92' lang='lat' dir='ltr'>I.</span> <span class='ocrx_word' id='word_1_258' title='bbox 2391 3474 2501 3539; x_wconf 91' lang='lat' dir='ltr'>pg.</span> <span class='ocrx_word' id='word_1_259' title='bbox 2545 3452 2608 3516; x_wconf 88' lang='lat'>4.</span> <span class='ocrx_word' id='word_1_260' title='bbox 2686 3450 2943 3515; x_wconf 84' lang='lat' dir='ltr'>Eade&#39;m</span> 
     </span>
     <span class='ocr_line' id='line_1_31' title="bbox 646 3552 2947 3640; baseline 0 -23"><span class='ocrx_word' id='word_1_261' title='bbox 646 3554 951 3640; x_wconf 87' lang='lat' dir='ltr'>epitome,</span> <span class='ocrx_word' id='word_1_262' title='bbox 997 3554 1286 3640; x_wconf 87' lang='lat' dir='ltr'>praefixo</span> <span class='ocrx_word' id='word_1_263' title='bbox 1326 3552 1516 3618; x_wconf 89' lang='lat' dir='ltr'>titulo</span> <span class='ocrx_word' id='word_1_264' title='bbox 1564 3553 1922 3640; x_wconf 75' lang='lat' dir='ltr'>‘Incipiunt</span> <span class='ocrx_word' id='word_1_265' title='bbox 1952 3556 2312 3618; x_wconf 88' lang='lat' dir='ltr'>sententiae</span> <span class='ocrx_word' id='word_1_266' title='bbox 2344 3554 2651 3620; x_wconf 87' lang='lat' dir='ltr'>Senecae&#39;</span> <span class='ocrx_word' id='word_1_267' title='bbox 2697 3554 2947 3639; x_wconf 86' lang='lat' dir='ltr'>legitur</span> 
     </span>
     <span class='ocr_line' id='line_1_32' title="bbox 647 3654 2939 3741; baseline 0 -22"><span class='ocrx_word' id='word_1_268' title='bbox 647 3661 713 3719; x_wconf 89' lang='lat' dir='ltr'>in</span> <span class='ocrx_word' id='word_1_269' title='bbox 757 3656 986 3720; x_wconf 88' lang='lat' dir='ltr'>codice</span> <span class='ocrx_word' id='word_1_270' title='bbox 1031 3655 1333 3720; x_wconf 87' lang='lat' dir='ltr'>Parisino</span> <span class='ocrx_word' id='word_1_271' title='bbox 1370 3654 1554 3738; x_wconf 87' lang='lat'>1919,</span> <span class='ocrx_word' id='word_1_272' title='bbox 1601 3676 1771 3719; x_wconf 87' lang='lat' dir='ltr'>saec.</span> <span class='ocrx_word' id='word_1_273' title='bbox 1807 3654 1997 3720; x_wconf 91' lang='lat' dir='ltr'><strong>XIV.</strong></span> <span class='ocrx_word' id='word_1_274' title='bbox 2042 3656 2155 3721; x_wconf 88' lang='lat' dir='ltr'>fol.</span> <span class='ocrx_word' id='word_1_275' title='bbox 2193 3656 2333 3739; x_wconf 85' lang='lat'>148,</span> <span class='ocrx_word' id='word_1_276' title='bbox 2381 3656 2737 3741; x_wconf 87' lang='lat' dir='ltr'>Augustini</span> <span class='ocrx_word' id='word_1_277' title='bbox 2785 3678 2939 3719; x_wconf 87' lang='lat' dir='ltr'>con-</span> 
     </span>
     <span class='ocr_line' id='line_1_33' title="bbox 646 3755 1409 3821; baseline -0.003 0"><span class='ocrx_word' id='word_1_278' title='bbox 646 3756 1044 3821; x_wconf 87' lang='lat' dir='ltr'>fessionibus</span> <span class='ocrx_word' id='word_1_279' title='bbox 1090 3755 1409 3820; x_wconf 81' lang='lat' dir='ltr'>subnexa.</span> 
     </span>
    </p>

    <p class='ocr_par' dir='ltr' id='par_1_5' title="bbox 641 3857 2943 4555">
     <span class='ocr_line' id='line_1_34' title="bbox 720 3857 2941 3943; baseline 0 -21"><span class='ocrx_word' id='word_1_280' title='bbox 720 3882 725 3888; x_wconf 79' lang='grc'><strong><em>’</em></strong></span> <span class='ocrx_word' id='word_1_281' title='bbox 815 3858 885 3943; x_wconf 84' lang='grc'>9)</span> <span class='ocrx_word' id='word_1_282' title='bbox 932 3857 1208 3922; x_wconf 85' lang='lat' dir='ltr'>Codex</span> <span class='ocrx_word' id='word_1_283' title='bbox 1250 3858 1697 3922; x_wconf 91' lang='lat' dir='ltr'>Bernensis</span> <span class='ocrx_word' id='word_1_284' title='bbox 1745 3858 1891 3940; x_wconf 86' lang='lat'>704,</span> <span class='ocrx_word' id='word_1_285' title='bbox 1936 3858 2466 3923; x_wconf 89' lang='lat' dir='ltr'>membranaceus</span> <span class='ocrx_word' id='word_1_286' title='bbox 2500 3858 2743 3923; x_wconf 88' lang='lat' dir='ltr'>saeculi</span> <span class='ocrx_word' id='word_1_287' title='bbox 2773 3858 2941 3922; x_wconf 88' lang='lat' dir='ltr'><strong>XII.</strong></span> 
     </span>
     <span class='ocr_line' id='line_1_35' title="bbox 648 3958 2939 4047; baseline 0 -24"><span class='ocrx_word' id='word_1_288' title='bbox 648 3959 1034 4024; x_wconf 80' lang='lat' dir='ltr'>‘Proverbia</span> <span class='ocrx_word' id='word_1_289' title='bbox 1078 3958 1394 4025; x_wconf 90' lang='lat' dir='ltr'>Seneche’</span> <span class='ocrx_word' id='word_1_290' title='bbox 1455 3958 1730 4035; x_wconf 77' lang='lat' dir='ltr'>exhibet</span> <span class='ocrx_word' id='word_1_291' title='bbox 1777 3958 1930 4024; x_wconf 89' lang='lat' dir='ltr'>inde</span> <span class='ocrx_word' id='word_1_292' title='bbox 1973 3981 2014 4022; x_wconf 90' lang='lat' dir='ltr'>a</span> <span class='ocrx_word' id='word_1_293' title='bbox 2056 3959 2168 4026; x_wconf 89' lang='lat' dir='ltr'>fol.</span> <span class='ocrx_word' id='word_1_294' title='bbox 2219 3961 2250 4023; x_wconf 93' lang='grc'><strong>1</strong></span> <span class='ocrx_word' id='word_1_295' title='bbox 2297 3981 2500 4047; x_wconf 89' lang='lat' dir='ltr'>usque</span> <span class='ocrx_word' id='word_1_296' title='bbox 2543 3961 2628 4023; x_wconf 93' lang='lat' dir='ltr'>ad</span> <span class='ocrx_word' id='word_1_297' title='bbox 2672 3959 2783 4024; x_wconf 88' lang='lat' dir='ltr'>fol.</span> <span class='ocrx_word' id='word_1_298' title='bbox 2835 3960 2939 4024; x_wconf 90' lang='grc'>11.</span> 
     </span>
     <span class='ocr_line' id='line_1_36' title="bbox 645 4059 2942 4149; baseline 0.001 -25"><span class='ocrx_word' id='word_1_299' title='bbox 645 4060 858 4135; x_wconf 77' lang='lat' dir='ltr'>Huius</span> <span class='ocrx_word' id='word_1_300' title='bbox 902 4059 1056 4125; x_wconf 91' lang='lat' dir='ltr'>libri</span> <span class='ocrx_word' id='word_1_301' title='bbox 1100 4071 1173 4126; x_wconf 84' lang='lat' dir='ltr'>ut</span> <span class='ocrx_word' id='word_1_302' title='bbox 1215 4062 1540 4147; x_wconf 89' lang='lat' dir='ltr'>integram</span> <span class='ocrx_word' id='word_1_303' title='bbox 1581 4060 1964 4125; x_wconf 88' lang='lat' dir='ltr'>adnotarem</span> <span class='ocrx_word' id='word_1_304' title='bbox 2010 4061 2540 4147; x_wconf 88' lang='lat' dir='ltr'>discrepantiam,</span> <span class='ocrx_word' id='word_1_305' title='bbox 2584 4062 2942 4149; x_wconf 90' lang='lat' dir='ltr'>impetrare</span> 
     </span>
     <span class='ocr_line' id='line_1_37' title="bbox 641 4161 2942 4251; baseline 0 -25"><span class='ocrx_word' id='word_1_306' title='bbox 641 4185 682 4227; x_wconf 94' lang='lat' dir='ltr'>a</span> <span class='ocrx_word' id='word_1_307' title='bbox 737 4184 840 4226; x_wconf 90' lang='lat' dir='ltr'>me</span> <span class='ocrx_word' id='word_1_308' title='bbox 896 4183 1026 4227; x_wconf 90' lang='lat' dir='ltr'>non</span> <span class='ocrx_word' id='word_1_309' title='bbox 1086 4163 1306 4249; x_wconf 91' lang='lat' dir='ltr'>potui,</span> <span class='ocrx_word' id='word_1_310' title='bbox 1381 4171 1728 4251; x_wconf 91' lang='lat' dir='ltr'>propterea</span> <span class='ocrx_word' id='word_1_311' title='bbox 1793 4163 1965 4249; x_wconf 92' lang='lat' dir='ltr'>quod</span> <span class='ocrx_word' id='word_1_312' title='bbox 2020 4185 2094 4227; x_wconf 94' lang='lat' dir='ltr'>eo</span> <span class='ocrx_word' id='word_1_313' title='bbox 2148 4164 2218 4225; x_wconf 91' lang='lat' dir='ltr'>in</span> <span class='ocrx_word' id='word_1_314' title='bbox 2273 4163 2599 4236; x_wconf 82' lang='lat' dir='ltr'>nonnullis</span> <span class='ocrx_word' id='word_1_315' title='bbox 2669 4161 2942 4250; x_wconf 89' lang='lat' dir='ltr'>quidem</span> 
     </span>
     <span class='ocr_line' id='line_1_38' title="bbox 643 4246 2943 4352; baseline 0.001 -26"><span class='ocrx_word' id='word_1_316' title='bbox 643 4263 801 4329; x_wconf 92' lang='lat' dir='ltr'>locis</span> <span class='ocrx_word' id='word_1_317' title='bbox 848 4266 1238 4352; x_wconf 89' lang='lat' dir='ltr'>optimorum</span> <span class='ocrx_word' id='word_1_318' title='bbox 1281 4264 1579 4330; x_wconf 91' lang='lat' dir='ltr'>codicum</span> <span class='ocrx_word' id='word_1_319' title='bbox 1622 4246 2077 4329; x_wconf 80' lang='lat' dir='ltr'>auctoritatem</span> <span class='ocrx_word' id='word_1_320' title='bbox 2113 4265 2487 4328; x_wconf 80' lang='lat' dir='ltr'>confirmari</span> <span class='ocrx_word' id='word_1_321' title='bbox 2530 4263 2707 4348; x_wconf 88' lang='lat' dir='ltr'>vidi,</span> <span class='ocrx_word' id='word_1_322' title='bbox 2742 4263 2943 4349; x_wconf 85' lang='lat' dir='ltr'>longe</span> 
     </span>
     <span class='ocr_line' id='line_1_39' title="bbox 644 4364 2939 4455; baseline 0.002 -28"><span class='ocrx_word' id='word_1_323' title='bbox 644 4364 922 4452; x_wconf 89' lang='lat' dir='ltr'>plurima</span> <span class='ocrx_word' id='word_1_324' title='bbox 967 4388 1144 4448; x_wconf 89' lang='lat' dir='ltr'>ver0,</span> <span class='ocrx_word' id='word_1_325' title='bbox 1192 4375 1435 4454; x_wconf 89' lang='lat' dir='ltr'>quanto</span> <span class='ocrx_word' id='word_1_326' title='bbox 1482 4387 1676 4452; x_wconf 90' lang='lat' dir='ltr'>opere</span> <span class='ocrx_word' id='word_1_327' title='bbox 1720 4366 1831 4431; x_wconf 92' lang='lat' dir='ltr'>illo</span> <span class='ocrx_word' id='word_1_328' title='bbox 1863 4365 2281 4430; x_wconf 83' lang='lat' dir='ltr'>iam‘saeculo</span> <span class='ocrx_word' id='word_1_329' title='bbox 2319 4367 2682 4455; x_wconf 83' lang='lat' dir='ltr'>sententiae</span> <span class='ocrx_word' id='word_1_330' title='bbox 2711 4365 2939 4431; x_wconf 89' lang='lat' dir='ltr'>Publi-</span> 
     </span>
     <span class='ocr_line' id='line_1_40' title="bbox 642 4466 2940 4555; baseline 0.002 -26"><span class='ocrx_word' id='word_1_331' title='bbox 642 4466 854 4530; x_wconf 91' lang='lat' dir='ltr'>lianae</span> <span class='ocrx_word' id='word_1_332' title='bbox 895 4467 1243 4555; x_wconf 84' lang='lat' dir='ltr'>depravari</span> <span class='ocrx_word' id='word_1_333' title='bbox 1287 4478 1351 4533; x_wconf 91' lang='lat' dir='ltr'>et</span> <span class='ocrx_word' id='word_1_334' title='bbox 1392 4467 1775 4553; x_wconf 86' lang='lat' dir='ltr'>interpolari</span> <span class='ocrx_word' id='word_1_335' title='bbox 1806 4477 2074 4554; x_wconf 89' lang='lat' dir='ltr'>coeptae</span> <span class='ocrx_word' id='word_1_336' title='bbox 2105 4469 2258 4551; x_wconf 90' lang='lat' dir='ltr'>sint,</span> <span class='ocrx_word' id='word_1_337' title='bbox 2304 4478 2529 4555; x_wconf 92' lang='lat' dir='ltr'>aperte</span> <span class='ocrx_word' id='word_1_338' title='bbox 2559 4467 2940 4533; x_wconf 87' lang='lat' dir='ltr'>ostendunt.</span> 
     </span>
    </p>
   </div>
  </div>
 </body>
</html>
