3209 5184
645 429 726 492 98
1272 443 1583 489 PUBLILu
1632 441 1788 490 srm
1838 440 2299 489 ΒΕΝΤΕΝΤΙΑΕ.

812 595 969 660 Plus
1017 606 1114 660 est
1159 617 1352 682 quam
1395 616 1606 682 poena
1651 595 1930 658 iniuriae
1976 592 2416 657 succumbere.

812 698 939 762 Pro
983 697 1309 761 medicina
1354 706 1453 761 est
1499 696 1704 778 dolor,
1752 694 2038 761 dolorem
2086 696 2198 781 qui
2242 703 2453 757 necat.

812 800 1080 864 Patiens
1128 807 1193 863 et
1237 800 1424 863 fortis
1470 820 1540 861 se
1581 799 1799 890 ipsum
1843 796 2099 861 felicem
2144 795 2322 860 facit.

644 908 768 967 465
815 901 1201 987 Prospicere
1245 901 1313 963 in
1354 920 1519 1015 pace
1564 908 1838 986 oportet,
1886 897 2057 985 quod
2105 896 2348 961 bellum
2392 900 2594 962 iuvet.

812 1003 1055 1067 Parens
1101 1001 1305 1065 iratus
1350 1000 1419 1063 in
1466 1022 1537 1064 se
1583 1010 1683 1064 est
1726 998 2237 1064 crudelissimus.

809 1102 1033 1167 Perdit
1076 1124 1206 1167 non
1251 1102 1472 1186 donat,
1519 1103 1625 1167 cui
1670 1102 1867 1166 donat
1910 1101 2040 1165 nisi
2084 1110 2183 1166 est
2226 1110 2490 1165 memor.

809 1204 1010 1269 Probi
1054 1202 1291 1268 delicta
1337 1226 1482 1268 cum
1526 1202 1859 1288 neglegas,
1906 1202 2083 1288 leges
2128 1212 2323 1267 teraS.

813 1304 974 1369 Pars
1021 1304 1296 1369 benefici
1343 1314 1463 1388 est,
1511 1303 1687 1391 quod
1731 1304 1973 1391 petitur
2018 1306 2074 1368 si
2118 1303 2288 1368 belle
2333 1324 2554 1389 neges.

641 1413 767 1470 470
812 1407 1167 1494 Properare
1212 1407 1280 1469 in
1324 1405 1679 1471 iudicando
1726 1415 1826 1469 est
1870 1406 2115 1469 crimen
2159 1427 2487 1492 quaerere.

820 1507 1054 1594 Populi
1101 1515 1199 1571 est
1243 1509 1660 1594 mancipium,
1709 1507 2004 1592 quisquis
2049 1509 2300 1594 patriae
2346 1507 2691 1580 est„utilis.

788 1608 939 1674 ‚Per
983 1630 1150 1694 quae
1194 1611 1285 1673 sis
1329 1618 1532 1692 tutus,
1580 1607 1694 1672 illa
1739 1630 1993 1695 semper
2037 1610 2330 1694 cogites.·

812 1709 1169 1795 Perfugere
1211 1709 1297 1774 ad
1341 1710 1741 1793 inferiorem,
1792 1733 1862 1775 se
1903 1712 2118 1799 ipsum
2167 1720 2266 1775 est
2308 1710 2587 1775 tradere.

813 1812 1161 1876 Peccatum
1206 1812 1399 1875 amici
1445 1812 1655 1877 veluti
1698 1823 1884 1878 tuum
1928 1822 2106 1878 recte
2150 1821 2361 1900 putes».

643 1920 766 1976 475
815 1914 1053 1979 Potens
1099 1913 1468 1979 misericors
1515 1914 1781 2001 publica
1826 1924 1924 1979 est
1969 1913 2270 1978 felicitas.

812 2016 1127 2079 Praesens
1175 2024 1274 2079 est
1318 2037 1598 2104 semper,
1647 2018 1880 2081 absens
1927 2016 2037 2102 qui
2084 2039 2154 2080 se
2197 2014 2555 2080 ulciscitur.

812 2116 1130 2181 Perfacile
1175 2116 1338 2182 felix
1382 2118 1556 2204 quod
1609 2128 1759 2182 vota
1811 2119 2132 2206 imperant
2176 2117 2355 2181 facit.

811 2218 1096 2282 Poenam
1140 2229 1431 2284 moratur
1462 2213 1831 2307 improbuS,
1875 2241 2008 2283 non
2050 2219 2385 2305 praeterit.

812 2319 1190 2384 Perdidisse
1238 2319 1554 2408 [honeste]
1604 2321 1889 2400 mallem,
1939 2342 2134 2406 quam
2180 2320 2517 2407 accepisse
2561 2319 2865 2407 turpiter.
2911 2387 2920 2392 ,

643 2578 910 2622 comens
941 2582 991 2620 v.
1024 2563 1390 2623 450—-500:
1435 2566 1492 2621 F
1517 2564 1613 2638 (T)

643 2682 701 2754 9,
735 2681 792 2737 4.
854 2681 1031 2739 Poena
1061 2682 1126 2739 ad
1158 2699 1226 2739 m.
1259 2699 1382 2740 sero
1415 2682 1574 2756 pede,
1606 2691 1662 2739 at
1692 2693 1845 2740 certo
1878 2684 2029 2739 venit
2058 2685 2298 2754 Maehly
2490 2681 2615 2756 463
2660 2690 2743 2738 est
2774 2683 2939 2739 dolor

644 2767 904 2840 quolsl..·
934 2766 987 2822 d.
1023 2776 1106 2823 est
1136 2768 1191 2823 F
1358 2766 1601 2824 dolorem
1634 2770 1725 2842 qui
1760 2769 2004 2825 Gruter.-
2049 2769 2141 2842 qui
2171 2767 2415 2824 dolorem
2448 2768 2505 2823 F
2512 2792 2529 2830 ,·
2575 2775 2657 2823 est
2688 2767 2936 2823 dolorem

642 2853 732 2925 qui
766 2850 926 2907 dolor
958 2861 1145 2908 enecat
1175 2852 1364 2909 Bothe
1537 2852 1660 2909 464
1707 2855 1795 2909 An
1827 2854 2042 2926 sapiens
2075 2861 2129 2908 et
2173 2852 2365 2908 fortis?
2418 2850 2533 2908 Cic.
2574 2853 2742 2909 Tusc.
2778 2852 2838 2924 3,
2876 2853 2937 2925 7,

644 2934 740 2990 14.
776 2937 925 2992 Hor.
961 2936 1082 2993 Sat.
1119 2936 1188 3008 2,
1228 2937 1282 3009 1,
1320 2937 1416 2994 16.
1453 2937 1619 2993 Caec.
1655 2938 1828 2993 Ball».
1863 2938 2094 2993 Monac.
2130 2937 2190 3009 2,
2223 2936 2280 2992 2.
2309 2955 2407 3010 pq.
2445 2937 2526 2994 20
2708 2936 2830 2993 465
2878 2938 2935 2992 in

638 3036 769 3093 pace
801 3039 890 3094 op.
928 3022 1171 3078 Gruter.-
1217 3038 1307 3095 op.
1339 3022 1393 3077 in
1423 3039 1479 3095 p.
1511 3023 1569 3078 F
1735 3017 1911 3097 quod]
1946 3021 2074 3096 quid
2111 3024 2392 3082 editores,-
2436 3022 2519 3094 εΓ.
2547 3039 2645 3095 pq.
2681 3013 2758 3078 5'4

640 3103 734 3160 Aa
760 3109 1105 3162 sententiam
1135 3106 1216 3180 cf.
1254 3105 1333 3162 ‘Si
1369 3107 1445 3161 vis
1475 3123 1682 3179 pacem,
1712 3124 1838 3180 para
1868 3105 2117 3162 bellum?
2291 3105 2412 3163 467
2460 3108 2546 3162 cui
2576 3107 2794 3162 Bothe.-
2841 3107 2935 3179 qui

639 3190 710 3259 F,
755 3192 884 3262 quoi
918 3191 1272 3247 Ribbeck-ius
1440 3190 1610 3247 donat
1654 3192 1899 3252 Gruter.·
1942 3189 2033 3246 dat
2061 3192 2119 3247 F
2285 3207 2493 3246 memor
2523 3190 2783 3264 Inqolst..·
2825 3207 2938 3246 me-

640 3274 805 3328 morin
850 3275 919 3329 F.
1010 3274 1226 3347 Perdis,
1280 3292 1391 3330 non
1442 3275 1643 3347 (Ιοιιειε,
1699 3278 1800 3331 nisi
1855 3276 1925 3331 sit
1967 3277 2053 3332 cui
2101 3275 2269 3331 donas
2327 3291 2533 3332 memor
2573 3276 2764 3332 Bothe

639 3357 762 3414 468
809 3357 963 3431 probi
994 3360 1257 3433 Inqolst..·
1287 3357 1455 3432 probe
1486 3360 1544 3414 F
1709 3358 1745 3393 *
1775 3377 1896 3416 cum
1928 3359 2211 3434 neglegam,
2241 3359 2394 3434 leges
2427 3368 2599 3415 ieras:
2629 3377 2750 3416 cum
2784 3359 2937 3434 legas

638 3440 852 3497 «icterus
882 3444 955 3515 F,
997 3443 1229 3500 iudicum
1274 3444 1424 3518 leges
1470 3452 1652 3500 terunt
1699 3448 1887 3518 υιιΙρο,
1934 3463 2012 3501 an
2044 3443 2198 3518 probi
2228 3444 2425 3501 delicto
2455 3446 2748 3519 ignoscens
2777 3444 2936 3519 leges

639 3525 887 3582 deterius?
942 3527 1256 3585 dissolvitur
1307 3530 1559 3602 protinus
1613 3528 1729 3600 lex,
1782 3546 1903 3584 cuin
1955 3529 2120 3585 suerit
2162 3523 2470 3585 misericors
2510 3529 2671 3585 iudex
2719 3530 2771 3585 T

638 3609 760 3666 469
808 3613 1026 3670 Gellius
1060 3613 1168 3685 17,
1206 3613 1314 3686 14,
1360 3614 1626 3674 Macrob.
1673 3614 1797 3671 Sat.
1832 3613 1902 3685 2,
1935 3615 1994 3684 7,
2038 3613 2164 3671 Ιοα.
2210 3614 2447 3670 Saresb.
2491 3614 2705 3671 Polior.
2740 3613 2812 3684 8,
2852 3613 2928 3668 14

806 3694 1034 3754 benefici
1072 3699 1393 3756 Bentlen'us:
1437 3697 1683 3755 beneficii
1715 3700 1773 3754 F
1957 3690 2123 3777 belle]
2158 3697 2300 3755 bene
2331 3700 2638 3769 Erasmtw,
2669 3700 2777 3754 cito
2801 3698 2934 3754 Ma-

590 3821 601 3830 .
638 3780 903 3842 crebius,
949 3783 1053 3838 sed
1092 3782 1175 3856 cf.
1216 3801 1311 3856 pq.
1342 3783 1443 3840 56.
1534 3783 1655 3839 Non
1697 3783 1816 3840 leve
1863 3781 2182 3839 beneficium
2224 3791 2497 3856 praestet,
2539 3785 2631 3856 qui
2674 3782 2741 3838 de
2783 3782 2934 3838 brevi

639 3865 913 3920 renuntiat
952 3866 1001 3921 T
1186 3866 1313 3924 470
1357 3876 1443 3923 est
1472 3869 1675 3924 crimen
1705 3869 1968 3943 Inq«ls1..·
2011 3885 2088 3924 cr.
2121 3876 2207 3924 est
2237 3869 2295 3923 F
2469 3867 2593 3923 474
2641 3868 2729 3940 Cf.
2765 3886 2814 3922 v.
2856 3869 2939 3924 10

810 3949 977 4006 ueluti
1006 3951 1267 4025 quolsts
1296 3951 1444 4007 velut
1474 3952 1531 4007 F
1716 3953 1840 4010 475
1887 3953 1977 4026 Cf.
2011 3972 2061 4009 v.
2091 3952 2213 4009 467
2405 3951 2528 4010 476
2575 3941 2665 4025 Cf.
2699 3971 2749 4009 v.
2785 3952 2932 4008 552.

642 4033 763 4090 673
958 4030 996 4069 ‘⁸
1026 4033 1219 4091 absens
1251 4037 1345 4110 qui
1374 4053 1463 4092 se.
1509 4038 1602 4109 qui
1633 4035 1826 4093 absens
1857 4039 1939 4108 F,
1984 4038 2076 4111 qui
2106 4036 2297 4092 absens
2327 4038 2486 4093 eiiam
2522 4037 2736 4094 Gruter

636 4117 759 4174 477
808 4110 954 4196 vota]
1002 4119 1111 4175 sata
1152 4120 1584 4195 coni.1nqolst.
1801 4124 2090 4196 impetrant
2132 4123 2379 4180 Gruter.
2429 4139 2482 4195 p.
2531 4122 2567 4177 l'.
2614 4121 2761 4196 quod
2805 4121 2936 4178 facit

637 4203 887 4277 impetrat
926 4205 1108 4262 Bothe
1290 4205 1414 4262 478
1461 4213 1705 4261 moratur
1736 4206 2000 4281 Inqolse..⁸
2031 4215 2150 4262 orat
2181 4208 2239 4262 F
2402 4206 2527 4263 479
2572 4200 2608 4235 *
2639 4202 2935 4282 [honeste]

637 4289 709 4342 (Ἰ.
756 4307 804 4346 v.
837 4288 986 4347 207:
1033 4308 1138 4346 om.
1176 4291 1233 4346 F
1424 4286 1462 4325 ‘⁸
1491 4291 1789 4383 accepisse:
1835 4294 2076 4394 accipere
2107 4292 2178 4346 F.
2270 4289 2361 4365 Cf.
2395 4292 2630 4348 Hesiod.
2666 4290 2772 4368 Op.
2806 4291 2934 4348 352

634 4363 716 4444 μή
760 4361 916 4428 κακοὶ
968 4370 1335 4446 κερδαίνειν·
1394 4393 1555 4429 taxa
1594 4365 1869 4448 κέρδεα
1843 4367 1926 4431 ια’
1970 4363 2201 4455 ἄτῃσιν.
2290 4376 2463 4432 Caec.
2501 4377 2663 4432 Balb.
2695 4376 2934 4433 Monac.

648 4459 697 4526 1,
728 4457 787 4514 3.
818 4477 912 4532 pq
954 4461 1028 4516 18
1061 4457 1317 4516 ‘Lucrum
1349 4469 1508 4534 turpe
1540 4469 1601 4516 ιιι
1631 4459 1970 4534 dispendium
2001 4460 2202 4538 sugilo’
