3209 5184
709 432 829 497 128
1508 445 1945 497 ΒΕΝΤΕΝΤῙΑΕ
1992 446 2213 496 FALso

874 599 986 666 Nil
1027 597 1293 688 prodest
1337 599 1673 685 didicisse,
1720 601 1777 665 si
1822 621 2034 679 cessas
2079 599 2246 666 bene
2289 598 2524 664 facere.

709 708 836 769 230
878 700 992 768 Nil
1033 702 1309 768 rationis
1356 711 1476 785 est,
1521 701 1639 767 ubi
1681 723 1785 768 res
1831 700 2030 768 semel
2074 703 2142 767 in
2184 701 2486 767 affectum
2529 704 2733 768 venit.

876 801 989 870 Nil
1032 805 1288 893 turpius
1336 826 1531 891 quam
1573 805 1801 869 vivere
1845 803 2164 892 incipiens
2210 815 2435 870 senex.

874 905 1167 971 Nimium
1212 904 1541 970 tendendo
1584 906 1802 993 rumpi
1845 904 2174 971 funiculus
2218 904 2403 970 solet.

875 1006 1137 1073 Nobilis
1181 1006 1504 1094 professio
1549 1007 1870 1094 sapientia
1916 1016 2053 1073 est:
2114 1029 2278 1094 quae
2323 1006 2679 1074 distributa
2724 1009 3004 1098 suscipit

1284 1109 1774 1192 incrementum,
1822 1131 2096 1174 avarum
2138 1108 2494 1195 dedignata
2535 1131 3001 1198 possessorem.

880 1211 1136 1278 Nocens
1184 1211 1329 1297 quis
1377 1209 1552 1277 illico
1598 1211 1694 1296 fit,
1741 1209 2109 1275 succumbit
2153 1220 2225 1276 ut
2268 1210 2453 1278 fides.

712 1319 834 1379 235
878 1313 1025 1380 Non
1068 1311 1197 1377 alia
1239 1312 1439 1378 facies
1487 1322 1585 1378 est
1631 1313 1837 1400 quieti
1864 1310 2313 1400 moderatique
2343 1313 2630 1401 imperii,
2675 1335 2870 1400 quam
2902 1337 3001 1380 se-

1289 1414 1432 1479 reni
1477 1413 1642 1479 caeli
1689 1424 1753 1480 et
1796 1415 2087 1480 nitentis.

882 1516 1031 1582 Non
1073 1518 1327 1582 animus
1373 1514 1676 1600 hominis,
1723 1517 1840 1583 sed
1884 1517 2059 1582 facta
2102 1525 2474 1582 cernuntur.

874 1617 1182 1684 Nondum
1226 1617 1393 1683 felix
1438 1639 1528 1702 es,
1576 1619 1634 1683 si
1676 1619 1964 1684 nondum
2007 1618 2201 1684 turba
2242 1626 2309 1684 te
2353 1618 2677 1685 deriserit.

879 1720 1029 1785 Non
1073 1741 1266 1805 egere
1310 1719 1629 1786 felicitate
1671 1718 1955 1785 felicitas
2002 1729 2120 1785 est.

883 1821 1032 1887 Non
1079 1829 1177 1887 est
1220 1820 1474 1906 beatus,
1521 1822 1664 1909 ipse
1710 1822 1820 1908 qui
1864 1842 1934 1886 se
1977 1822 2249 1888 nesciat.

718 1928 842 1989 240
885 1922 1034 1989 Non
1080 1932 1177 1988 est
1220 1921 1480 1989 bonitas
1528 1944 1672 1989 esse
1715 1921 2046 1989 meliorem
2092 1926 2394 2012 pessimo.

877 2024 1029 2091 Non
1089 2033 1187 2089 est
1241 2023 1523 2089 hominis
1579 2027 1787 2091 maior
1840 2023 2117 2090 stultitia
2172 2046 2364 2113 quam
2410 2033 2639 2111 putare
2683 2048 2754 2090 se
2797 2028 3011 2092 amari

1294 2126 1378 2190 ab
1424 2125 1549 2209 his,
1597 2148 1760 2213 quos
1805 2127 1948 2215 ipse
1991 2148 2121 2192 non
2166 2125 2420 2212 diligat.

879 2228 1027 2293 Non
1073 2236 1171 2296 est
1214 2225 1545 2314 pusillum,
1593 2228 1652 2294 si
1697 2228 1854 2315 quid
1898 2229 2183 2294 maximo
2229 2237 2329 2293 est
2372 2229 2607 2296 minus.

878 2328 1029 2394 Non
1073 2337 1170 2394 est
1214 2337 1419 2414 tuum,
1466 2328 1732 2394 fortuna
1775 2329 1949 2417 quod
1991 2330 2152 2395 fecit
2194 2339 2399 2397 tuum.

876 2429 1024 2495 Non
1065 2430 1195 2496 fert
1237 2428 1441 2495 ullum
1486 2430 1689 2497 ictum
1734 2429 1962 2497 illaesa
2004 2431 2311 2497 felicitas.

710 2537 831 2596 245
876 2531 1024 2597 Non
1069 2533 1281 2598 minus
1327 2531 1514 2617 latro,
1563 2534 1746 2599 cuius
1794 2532 1995 2598 telum
2039 2535 2336 2622 opposita
2378 2542 2566 2600 veste
2595 2532 2847 2599 elusum
2882 2545 3009 2603 est.

878 2632 1027 2699 Non
1086 2632 1361 2700 multum
1420 2656 1618 2723 supra
1671 2657 1818 2701 eum
1863 2637 2103 2701 eminet
2148 2636 2324 2723 quis,
2384 2636 2489 2700 cui
2532 2656 2604 2699 se
2661 2635 3011 2703 irascendo
3059 2645 3062 2652 '
3169 2631 3170 2638 '

1931 2746 2270 2825 exaequat.

880 2837 1030 2903 Non
1074 2839 1252 2903 omni
1297 2839 1575 2904 eundem
1621 2838 1908 2906 calceum
1950 2840 2220 2905 induces
2265 2839 2439 2927 pedi.
2579 2896 2616 2909 Ν

882 2939 1041 3012 Non,
1075 2962 1269 3027 quam
1314 2940 1450 3026 diu,
1498 2941 1618 3007 sed
1663 2964 1856 3029 quam
1899 2943 2068 3009 bene
2113 2943 2324 3026 vivas,
2372 2942 2608 3027 cogita.

884 3041 1032 3108 Non
1079 3044 1191 3129 qui
1234 3043 1449 3110 iussus
1494 3042 1783 3132 aliquod,
1831 3044 1948 3111 sed
1991 3045 2102 3132 qui
2144 3044 2393 3109 invitus
2426 3042 2607 3128 facit,
2652 3043 2853 3109 miser
2883 3054 3011 3111 est.

720 3148 845 3210 250
886 3142 1038 3209 Non
1080 3144 1554 3230 vindicandum
1599 3144 1862 3228 scelere,
1901 3137 1967 3212 'si
2009 3147 2241 3233 possis,
2290 3144 2522 3213 scelus.

887 3244 1089 3310 Nulla
1128 3267 1234 3313 res
1278 3249 1488 3334 magis
1532 3246 1653 3314 alit
1694 3246 2120 3333 iracundiam,
2168 3271 2360 3337 quam
2403 3247 2684 3314 luxuria.

880 3541 1001 3602 229
1045 3543 1153 3602 Pn.
1187 3542 1265 3600 Cf.
1299 3559 1467 3617 supra
1496 3560 1590 3618 pg.
1629 3542 1730 3616 91,
1763 3543 1799 3601 9
1917 3542 2041 3602 230
2073 3543 2173 3601 Gr.
2206 3560 2287 3600 ex.
2321 3542 2442 3601 cod.
2470 3543 2635 3600 Palat.
2668 3543 2792 3602 Sen.
2824 3543 2896 3601 de
2930 3547 3013 3603 ira

712 3630 770 3702 1,
804 3628 864 3702 8,
900 3627 931 3685 1
1079 3627 1198 3686 231
1245 3629 1343 3686 Ps.
1376 3627 1498 3685 Sen.
1534 3630 1692 3704 epist.
1726 3628 1827 3701 13,
1865 3627 1939 3685 17
2075 3627 2196 3687 232
2242 3629 2349 3686 Bo.
2382 3627 2456 3684 Ex
2486 3628 2770 3704 proverbio
2802 3646 3012 3704 graeco

708 3711 912 3768 Erasmi
942 3713 1113 3788 Adag.
1150 3713 1207 3786 1,
1239 3713 1300 3786 5,
1331 3711 1412 3770 47
1588 3712 1710 3772 233
1761 3713 1860 3771 Ga.
2023 3712 2145 3771 234
2179 3714 2276 3772 Gr
2306 3711 2360 3769 2.
2394 3713 2549 3771 Caec.
2581 3712 2724 3771 Balh.
2757 3713 2907 3771 Mon.
2944 3714 3011 3787 4,

710 3796 768 3870 3,
800 3814 895 3872 pg.
931 3796 1008 3852 21
1206 3795 1329 3855 235
1379 3798 1480 3856 Go.
1514 3797 1638 3855 Seu.
1671 3797 1738 3854 de
1770 3798 1923 3854 clem.
1959 3799 2017 3871 1,
2053 3798 2111 3871 7,
2144 3796 2180 3854 2
2380 3798 2500 3856 236
2545 3799 2654 3856 Ρη.
2686 3798 2758 3855 De
2790 3815 2935 3861 mor.
2973 3800 3013 3858 3

864 3879 985 3938 237
1031 3882 1141 3938 Ρη.
1174 3881 1247 3938 De
1277 3898 1411 3939 mor.
1447 3881 1525 3941 23
1674 3881 1795 3942 238
1841 3883 1915 3940 R.
1952 3881 2069 3941 Sen.
2107 3882 2174 3939 de
2205 3882 2416 3958 provid.
2453 3883 2513 3956 6,
2544 3882 2581 3942 5
2728 3881 2849 3942 239
2900 3884 3007 3943 Ps.

705 3966 873 4023 Poeta
902 3981 1041 4023 com.
1076 3983 1159 4040 ap.
1193 3964 1318 4024 Sen.
1350 3968 1507 4041 epist.
1542 3967 1601 4041 9,
1635 3965 1712 4024 21
1748 3984 1874 4026 esse
1904 3984 1967 4026 se
1996 3971 2097 4042 qui
2122 3985 2235 4025 non
2256 3974 2433 4041 putat
2577 3966 2703 4028 240
2744 3968 2841 4025 Ps.
2875 3968 3015 4029 Sen.

709 4053 868 4127 epist.
906 4050 1007 4124 79,
1042 4051 1117 4107 11
1296 4049 1415 4107 241
1466 4051 1529 4121 Q.
1621 4043 1632 4058 “
1728 4051 1848 4109 242
1892 4054 1990 4110 Ps.
2023 4052 2149 4109 Sen.
2181 4054 2341 4127 epist.
2376 4052 2519 4126 100,
2553 4052 2589 4110 9
2763 4051 2887 4111 243
2941 4056 3014 4112 F.

705 4135 945 4194 Lucilius
986 4152 1071 4211 ap.
1117 4134 1242 4193 Sen.
1287 4138 1447 4211 epist.
1477 4136 1549 4209 8,
1586 4136 1665 4196 10
1849 4136 1970 4194 244
2016 4139 2090 4196 R.
2122 4139 2215 4213 qui
2257 4154 2361 4195 scr.
2392 4139 2602 4196 hilaris
2635 4138 2739 4212 fel.
2773 4137 2905 4195 Seu.
2944 4140 3019 4198 de

706 4220 918 4297 provid.
951 4220 1022 4295 2,
1057 4222 1092 4279 6
1296 4220 1418 4279 245
1462 4222 1537 4279 R.
1573 4223 1667 4296 qui
1708 4239 1813 4281 scr.
1863 4227 2032 4281 cuius
2070 4225 2263 4282 scelus
2305 4242 2354 4281 v.
2398 4225 2708 4282 clauditur.
2768 4223 2899 4282 Sen.
2943 4225 3018 4282 de

710 4314 883 4364 const.
918 4324 1028 4382 sap.
1065 4307 1124 4380 7,
1155 4305 1195 4363 4
1327 4305 1448 4366 246
1498 4307 1598 4365 Go.
1634 4307 1758 4365 Seu.
1792 4309 1859 4365 de
1889 4309 2043 4366 clem.
2082 4310 2140 4381 1,
2173 4308 2233 4380 5,
2269 4308 2304 4367 6
2435 4306 2556 4365 247
2602 4308 2709 4366 Bo.
2738 4307 3015 4369 Proverb.

711 4406 959 4464 graecum
992 4409 1075 4466 ap.
1107 4390 1310 4449 Erasm.
1342 4393 1509 4468 Adag.
1542 4391 1604 4466 4,
1639 4390 1700 4465 4,
1731 4392 1810 4450 56
1995 4386 2117 4452 248
2163 4393 2230 4449 F.
2264 4392 2388 4449 Sen.
2420 4394 2579 4468 epist.
2613 4391 2715 4467 22,
2752 4393 2827 4451 17

710 4471 830 4532 249
879 4475 944 4544 Q.
1119 4475 1246 4537 250
1289 4478 1354 4535 F.
1389 4477 1458 4535 De
1488 4494 1625 4542 mor.
1661 4477 1781 4536 139
1955 4478 2075 4536 251
2124 4479 2197 4535 R.
2231 4477 2353 4535 Sen.
2386 4478 2455 4535 de
2482 4479 2560 4535 ira
2591 4476 2651 4551 2,
2684 4477 2787 4552 25,
2814 4476 2856 4535 4
