3209 5184
604 405 686 469 28
1476 421 2021 470 PROLEGOMENA.

604 577 726 663 pis
769 575 1057 640 Adami
1102 575 1481 657 Sertorii,
1528 573 1701 638 unde
1744 573 1830 638 ad
1874 573 2047 639 hunc
2090 595 2295 660 usque
2340 572 2513 638 diem
2560 572 2914 649 Sartorius,

604 679 775 743 inter
829 677 1112 743 editores
1156 674 1427 740 Publilii
1481 674 1686 741 fuisse
1743 674 2141 762 perhibetur.
2209 675 2396 767 *Quis
2453 697 2610 740 vero
2665 675 2884 758 suerit,

604 781 716 867 qui
759 780 1006 866 primus
1037 776 1307 843 Publilii
1342 798 1572 841 versus
1604 776 2061 862 Frisingenses
2092 775 2467 863 perpolivit,
2511 799 2634 842 nec
2661 776 2888 842 lectori

546 886 551 892 ’
604 878 895 967 prodidit
953 877 1165 943 editor
1216 899 1336 942 nec
1393 876 1726 962 Scaligero
1782 887 1920 942 tum
1978 878 2289 965 temporis
2346 881 2681 965 cognitum
2737 878 2885 944 fuit.

606 982 717 1046 Sic
750 982 942 1046 *enim
998 981 1073 1047 in
1123 977 1402 1064 epistula
1456 979 1580 1044 351
1638 979 1723 1043 ad
1781 978 2090 1045 Carolum
2143 978 2527 1044 Labbaeum
2586 981 2883 1068 scripsit:

605 1083 865 1147 ‘Mimos
921 1080 1029 1146 edi
1081 1078 1346 1167 plurimi
1401 1078 1705 1162 fecerim,
1761 1090 1833 1145 ut
1877 1079 2179 1145 Loiolitis
2225 1080 2885 1167 Ingolstadiensibu8‚

604 1184 908 1249 monstris
964 1179 1631 1263 maledicentissimis,
1690 1203 1761 1246 os
1807 1181 2180 1264 obturetur,
2238 1184 2352 1268 qui
2392 1181 2596 1248 multa
2639 1204 2741 1246 me
2784 1183 2883 1246 in·-

596 1285 858 1348 ‘dustria
899 1283 1217 1365 omisisse,
1261 1281 1393 1346 alia
1435 1284 1632 1347 etiam
1675 1285 2068 1368 pervertisse
2112 1282 2373 1365 dicunt,
2418 1283 2682 1349 XVIII.
2730 1282 2885 1347 Kal.

606 1385 769 1449 Dec.
806 1385 1015 1467 1506’‚
1062 1393 1127 1449 et
1170 1385 1241 1448 in
1285 1385 1475 1471 epist.
1516 1385 1646 1449 360
1688 1385 1949 1449 ‘Mimos
1994 1383 2317 1471 publicari
2359 1394 2625 1472 propter
2669 1384 2886 1470 Ingol-

603 1485 1000 1551 stadiensem
1043 1485 1564 1573 paedagogulum
1612 1489 1949 1573 permagni
1989 1488 2180 1569 13οἰ0,
2226 1488 2340 1572 qui
2369 1488 2584 1551 omnia
2611 1509 2715 1551 me
2740 1508 2885 1572 per·

604 1589 884 1653 vertisse
926 1587 1187 1669 scribit,
1235 1608 1433 1673 quum
1477 1598 1695 1652 tamen
1736 1610 1820 1651 ne
1863 1588 2118 1673 syllaba
2162 1588 2427 1674 quidem
2470 1587 2555 1653 ab
2601 1587 2888 1653 editione

603 1689 964 1755 Pithoeana
1017 1687 1451 1754 discesserim.
1540 1689 1848 1754 Omnium
1892 1689 2319 1754 Loiolitarum
2372 1687 2886 1754 contumeliosis-

605 1792 758 1859 simi
798 1788 1353 1875 Ingolstadienses
1397 1799 1571 1854 sunt.
1657 1789 1874 1874 Lugd.
1921 1791 2069 1854 Bat.
2100 1790 2229 1854 III.
2275 1790 2445 1855 Non.
2477 1789 2639 1853 Dec.
2677 1790 2888 1871 1608’,

606 1914 772 1981 quae
793 1891 995 1957 verba
1023 1891 1197 1955 hune
1224 1889 1650 1977 praefationis
1672 1891 2220 1976 Ingolstadiensis
2250 1891 2464 1956 locum
2493 1892 2885 1980 respiciunt:

608 1993 930 2079 ‘Scaliger
980 1995 1049 2059 in
1100 1993 1314 2056 lucem
1357 1991 1543 2056 dedit
1583 1993 1835 2080 aliquot
1877 1995 2110 2058 mimos
2156 1992 2332 2080 Syri.
2420 1991 2674 2057 Vellem
2718 1992 2887 2057 indi-

606 2106 841 2179 casset,
886 2096 1035 2182 quis
1078 2093 1176 2159 illi
1218 2096 1288 2159 in
1317 2094 1472 2181 Syri
1516 2094 1807 2161 editione
1850 2094 2093 2160 fundus
2139 2106 2204 2158 et
2249 2116 2522 2181 quorum
2564 2094 2888 2179 exempla-

606 2199 775 2264 rium
839 2196 1035 2261 fidem
1102 2205 1366 2261 secutus
1424 2196 1533 2260 sit.
1623 2196 1755 2262 Suo
1808 2196 2083 2261 arbitrio
2141 2195 2307 2260 alios
2369 2197 2600 2261 mimos
2655 2204 2888 2278 mutat,

603 2298 769 2365 alios
811 2299 1075 2364 omittit.
1162 2298 1303 2363 Nec
1344 2297 1531 2363 deest
1573 2298 1967 2384 exemplum,
2012 2297 2129 2362 ubi
2172 2319 2438 2363 versum
2464 2297 2733 2362 Laberii
2772 2319 2891 2384 pro

608 2400 928 2467 Publiano
972 2400 1204 2487 ponit’.

777 2501 884 2565 De
926 2501 1049 2565 hac
1080 2497 1350 2567 Publilii
1394 2499 1681 2566 editione
1709 2499 2243 2585 Ingolstadiensi,
2287 2522 2455 2588 quae
2497 2502 2760 2586 saepius
2802 2500 2890 2564 ad

608 2603 853 2668 calcem
882 2602 1125 2667 Mureti
1168 2623 1438 2688 operum
1480 2603 1764 2688 repetita
1793 2611 1916 2684 est,
1961 2601 2144 2668 velut
2171 2602 2447 2687 Ingolst.
2483 2603 2669 2683 1603,
2708 2603 2890 2682 1608,

610 2705 907 2769 venetiis
958 2703 1142 2783 1618,
1184 2702 1452 2790 Lipsiae
1502 2704 1665 2768 1672
1707 2714 1977 2768 curante
2019 2703 2165 2769 Jae.
2209 2704 2598 2784 Thomasio,
2641 2703 2892 2768 ibidem

616 2808 778 2872 1690
818 2803 1190 2891 sumptibus
1232 2804 1383 2870 Joh.
1428 2803 1712 2887 Grossii,
1757 2806 2060 2872 Veronae
2091 2806 2279 2887 17:29,
2323 2806 2583 2870 Patavii
2619 2806 2783 2870 1740
2825 2816 2896 2869 et

614 2909 798 2989 1169,
842 2918 1185 2994 propterea
1228 2905 1527 2993 pluribus
1566 2906 1920 2973 dicendum
1949 2916 2110 2989 erat,
2155 2908 2312 2994 quia
2337 2918 2438 2970 est
2467 2908 2656 2994 quasi
2683 2905 2894 2970 altera

610 3010 995 3074 Erasmiana
1008 3057 1031 3091 ,
1086 3007 1157 3073 id
1212 3018 1311 3072 est
1356 3006 1559 3072 editio
1602 3009 1909 3095 princeps
1951 3031 2262 3075 versuum
2305 3032 2346 3073 3
2387 3008 2624 3072 litteris
2669 3008 2820 3071 N-
2838 3008 2904 3072 V

608 3110 1095 3197 incipientium,
1150 3130 1271 3173 nec
1314 3120 1533 3174 tamen
1576 3111 1880 3198 cuiquam
1925 3110 2248 3175 editorum
2290 3111 2764 3192 recentiorum,
2808 3131 2896 3173 ne

610 3212 1026 3295 Schweigem
1068 3209 1335 3295 quidem
1377 3212 1660 3294 cognita.
1747 3211 2110 3276 Laudandz
2151 3223 2254 3277 est
2299 3210 2408 3275 vel
2451 3211 2573 3274 11οο
2605 3212 2894 3292 nomine,

609 3312 787 3401 quod
842 3311 1099 3377 litterae
1148 3309 1242 3375 Η.
1300 3310 1383 3375 G
1428 3311 1496 3375 S.
1540 3310 1621 3375 F.
1679 3311 1959 3395 singulis
2021 3313 2328 3378 versibus
2387 3313 2727 3398 appositae
2778 3323 2896 3377 aut

608 3437 741 3479 non
780 3414 1145 3500 appositae·
1162 3410 1531 3483 declarant
1574 3428 1792 3476 utrum
1835 3412 1932 3477 illi
1975 3416 2048 3479 in
2089 3412 2578 3501 exemplu-ibus
2621 3414 2899 3478 Henrici

612 3515 967 3604 Stephani,
1022 3511 1421 3595 Godoiredi,
1478 3512 1798 3599 §auligeri
1841 3527 1906 3578 et
1950 3516 2020 3579 in
2061 3513 2290 3580 codiee
2333 3514 2738 3599 Prisingensi
2779 3536 2896 3578 ex-

612 3634 749 3683 tent
796 3637 1022 3683 nenne,
1066 3630 1131 3679 et
1174 3614 1349 3701 quod
1392 3615 1669 3680 editor
1649 3639 1720 3679 111
1763 3618 2228 3682 commentario
2269 3618 2501 3680 critico
2539 3618 2758 3679 varias
2787 3638 2895 3681 co-

612 3719 784 3784 dicis
812 3717 893 3782 Ι.
926 3717 1240 3781 lectiones
1282 3737 1367 3779 ex
1410 3732 1596 3803 93133
1637 3715 1872 3782 saltem
1915 3719 2230 3783 enotavit.
2319 3718 2452 3783 Sed
2489 3720 2560 3781 in
2589 3717 2898 3782 versibus

610 3817 1087 3885 mustimeudis
1129 3817 1706 3904 expmgandisque
1745 3820 2004 3883 mendis
2047 3821 2320 3883 nimium
2363 3841 2510 3883 3330
2533 3818 2898 3904 applicavit

610 3922 861 3987 03111013
902 3921 1297 4005 scriptume,
1350 3921 1443 3985 ita
1486 3936 1557 3983 ut
1602 3932 1867 4005 91131313)
1909 3920 2148 3985 editori
2193 3920 2512 4006 permulta
2555 3919 2898 4006 reliquerit

612 4022 926 4089 sananda
970 4042 1091 4085 1130
1134 4018 1345 4083 levius
1388 4018 1700 4083 damnum
1743 4041 1821 4085 eo
1861 4021 2080 4085 attulit
2127 4021 2371 4085 Publili
2375 4046 2438 4089 1.
2481 4021 2656 4108 quod
2685 4020 2894 4086 80311·

612 4149 771 4211 gem
812 4124 1163 4189 3133311133
1202 4120 1292 4186 ab
1334 4144 1411 4185 eo
1438 4121 1672 4185 ordine
1699 4121 1877 4186 dese
1837 4125 2006 4189 ·,11’11
2049 4146 2115 4208 q*-
2099 4145 2178 4186 ιο
2205 4124 2330 4184 siu
2311 4122 2504 4195 *ube
2531 4124 2900 4187 sententiae

612 4231 683 4292 in
734 4228 885 4292 13311
890 4226 1075 4291 :ibus
1128 4225 1533 4312 90131119ωο
1584 4240 1760 4287 311111
1847 4224 1955 4291 Cf.
2009 4223 2178 4287 imm
2233 4223 2492 4309 Pnleg
2549 4245 2692 4309 039.
2749 4224 2900 4288 IIII

612 4330 789 4393 111111
778 4353 825 4391 x

782 4430 1087 4514 Plenqne
1136 4431 1595 4515 smpimurem
1647 4425 1918 4491 alterius
1969 4448 2048 4489 33
2035 4428 2438 4492 31311113131111
2493 4444 2702 4513 931113
2755 4426 2802 4491 J
2813 4449 2900 4491 3-
