3209 5184
1174 439 1721 529 PRoLEeonENA.
2505 425 2589 493 55

378 600 601 660 Nulhcs
643 605 725 660 est
767 604 891 658 tam
933 603 1093 659 tutus
1103 594 1166 679 ³⁶)
1213 604 1503 672 quaestus,
1549 617 1728 672 quam
1770 570 1922 673 qaod
1962 601 2179 660 habeas
2207 618 2472 674 parcere.

283 730 546 798 Similis
603 739 705 794 est
760 729 1126 794 emendatio
1172 751 1236 793 v.
1254 730 1438 812 2329,
1497 728 1613 794 ubi
1669 710 1754 793 ex
1797 728 2132 795 codicibus
2177 733 2587 817 reposuimus

284 836 581 901 misereri
624 855 740 917 pro
787 855 861 898 eo
907 831 1083 919 quod
1126 833 1198 895 in
1243 818 1640 897 editionibus
1688 832 2302 913 circumferebatur,
2348 835 2583 899 miseri.

466 936 725 1000 Passim
781 934 1274 1021 pronominibus
1331 935 1618 1015 quisquis
1662 942 1726 997 et
1771 936 2082 1016 quidquid
2133 931 2387 1007 librarii
2439 934 2589 998 sub-

286 1040 653 1103 stituerunt
697 1037 838 1119 quis
884 1043 947 1099 et
992 1037 1176 1117 quid,
1225 1033 1331 1098 vel
1373 1036 1487 1099 ubi
1535 1037 1859 1099 sententia
1902 1056 2170 1122 poscere
2214 1035 2587 1118 videbatur,

290 1143 411 1224 qui
456 1147 522 1203 et
565 1140 746 1220 quod.
836 1134 1158 1224 Exemplo
1203 1137 1336 1201 sint
1379 1158 1611 1200 versus
1658 1136 1698 1199 9
1742 1145 1806 1201 et
1849 1137 1995 1217 379,
2040 1135 2158 1201 ubi
2204 1137 2377 1224 quod
2423 1139 2492 1202 in
2528 1138 2598 1202 F

282 1242 610 1308 traditum
653 1248 775 1319 est,
822 1240 1003 1321 quod,
1049 1259 1170 1302 nec
1214 1239 1542 1304 senarium
1587 1221 1810 1325 e'xplet
1842 1247 1905 1301 et
1936 1236 2251 1303 facillima
2283 1240 2583 1304 em‘enda-

284 1347 411 1427 tio,
456 1352 531 1408 ut
560 1342 886 1407 scribatur
914 1342 1237 1423 quidquid,
1269 1339 1743 1406 vetustioribus
1775 1338 2113 1405 codicibus
2147 1341 2582 1407 confirmatur.

287 1447 522 1526 Quare
566 1446 639 1508 in
681 1445 762 1508 iis
809 1464 1064 1530 quoque
1110 1443 1497 1524 sententiis„
1523 1463 1687 1528 quae
1717 1442 1787 1505 in
1816 1440 1952 1506 solo
1984 1441 2057 1505 F
2078 1450 2378 1506 servatae
2410 1456 2581 1524 sunt,

285 1548 473 1612 idem
515 1546 668 1610 vitii
710 1566 916 1630 genus
963 1544 1371 1631 subrepsisse
1413 1546 1700 1608 maxime
1745 1545 1886 1607 veri
1932 1542 2145 1607 simile
2191 1552 2311 1608 est.
2353 1536 2585 1630 'Equi-

268 1631 448 1712 'dem
493 1656 668 1711 certe
712 1648 782 1710 in
825 1647 1168 1710 sententiis
1214 1645 1653 1731 generalibus,
1701 1644 1924 1732 quales
1970 1654 2122 1709 sunt
2151 1643 2584 1730 Publilianae,

283 1752 407 1817 ubi
464 1749 838 1836 pronomini
892 1746 1168 1812 relativo
1214 1748 1439 1812 deesse
1481 1770 1679 1811 unam
1724 1746 2048 1833 syllabam
2092 1756 2305 1834 patet,
2364 1746 2584 1811 malim

286 1853 619 1936 corrigere
660 1853 958 1933 quisquis,
1008 1872 1199 1936 quam
1229 1850 1404 1936 quod
1432 1848 1548 1913 alii
1577 1849 2071 1931 adamaverunt,
2119 1852 2175 1915 is
2204 1851 2336 1932 qui.
2405 1848 2586 1934 Ergo

246 1957 251 1961 ⁴
286 1957 361 2020 in
406 1977 474 2018 v.
520 1954 646 2018 618

788 2059 992 2120 Socius
1031 2062 1099 2132 fit
1144 2063 1360 2134 culpae,
1406 2062 1507 2133 qui
1547 2065 1845 2120 nocentem
1886 2061 2051 2128 levat,

286 2209 436 2274 coll.
484 2231 547 2287 γ.
593 2208 718 2272 471
779 2206 1036 2271 facilius
1094 2207 1248 2288 erit,
1307 2210 1591 2289 quisquis
1648 2207 1992 2270 emendare
2051 2228 2244 2293 quam
2286 2206 2581 2273 sublevat.

286 2311 767 2378 Accusativum
820 2318 1035 2372 tamen
1051 2357 1069 2390 ,
1126 2329 1516 2392 quemquem,
1575 2332 1720 2373 raro
1775 2309 2126 2373 admodum
2181 2316 2563 2394 usurpatum

285 2440 420 2480 non
466 2414 607 2478 ausi
656 2435 875 2475 sumus
923 2411 1268 2475 restituere
1311 2433 1375 2474 V.
1410 2411 1554 2475 366.
1648 2410 1750 2475 Of.
1795 2420 2132 2498 praeterea
2175 2432 2241 2476 v.
2286 2409 2584 2487 82:155,

293 2519 440 2581 174.
486 2515 632 2579 200.
681 2513 826 2578 380.

462 2616 679 2681 Unam
736 2614 1017 2700 denique
1069 2615 1460 2679 emendandi
1504 2616 1679 2678 viam
1725 2615 2008 2681 editores
2056 2617 2182 2680 sibi
2227 2615 2354 2702 ipsi
2398 2638 2583 2703 prae-

286 2720 644 2786 cluserunt.
736 2718 898 2780 Cum
958 2718 1130 2780 enim
1183 2715 1533 2781 multarum
1586 2717 2097 2805 corruptelarum
2142 2718 2325 2802 origo
2372 2740 2457 2781 ex
2500 2719 2582 2782 iis

287 2820 647 2909 repetenda
693 2820 800 2900 sit,
849 2839 1013 2904 quae
1058 2818 1128 2881 in
1171 2804 1502 2882 codicibus
1547 2827 1661 2882 aut
1706 2821 2004 2906 proxime
2045 2819 2442 2884 antecedunt
2471 2830 2582 2885 aut

291 2924 808 3009 subsequuntur,
868 2920 1021 3006 quia
1076 2918 1269 2982 facile
1325 2919 1493 2983 oculi
1537 2942 1576 2983 a
1621 2922 1838 3008 priore
1895 2943 2091 2985 versu
2133 2920 2232 2984 ad*
2265 2922 2579 3008 posterio-

286 3050 425 3091 rem
480 3024 790 3089 aberrant
844 3019 953 3084 vel
1008 3021 1330 3085 contrario
1388 3021 1576 3086 modo
1621 3045 1662 3086 a
1706 3022 1988 3087 librariis
2045 3033 2383 3110 peccatur,
2444 3047 2576 3087 ma-

288 3129 549 3194 luerunt
591 3124 690 3190 illi
734 3124 1201 3188 sententiarum
1245 3123 1571 3205 ordinem,
1621 3147 1746 3210 quo
1790 3127 1860 3188 in
1906 3124 2244 3190 codicibus
2289 3147 2358 3189 se
2405 3127 2578 3190 exci-

289 3233 497 3318 piunt,
546 3236 661 3292 suo
708 3212 979 3290 arbitrio
1023 3226 1375 3289 invertere.
1464 3226 1568 3290 Ita
1613 3249 1679 3289 v.
1724 3226 1850 3291 529

744 3369 858 3444 Qui
900 3368 1089 3427 obesse
1131 3386 1264 3426 cum
1292 3373 1499 3440 potest,
1543 3387 1668 3429 non
1708 3371 1848 3438 vult,
1882 3370 2120 3444 prodest

290 3502 616 3566 senarium
671 3497 974 3562 claudum
1029 3519 1217 3561 nemo
1260 3498 1475 3562 adhuc
1519 3500 1649 3562 nisi
1692 3498 2069 3564 fortissimis
2114 3500 2420 3564 remediis
2464 3502 2575 3566 ad-

293 3604 514 3667 hibitis
559 3601 998 3680 resuscitavit,
1043 3600 1301 3685 iamque
1344 3600 1425 3663 de
1456 3601 1747 3667 sanando
1778 3599 2190 3683 diffidebant,
2240 3624 2385 3665 cum
2419 3602 2598 3667 Hah·

290 3706 455 3770 mius
511 3705 582 3767 in
643 3701 867 3766 codice
912 3700 982 3763 F
1027 3701 1389 3787 proximam
1445 3704 1836 3766 sententiam
1889 3703 1961 3766 in
1985 3706 1990 3717 '
2014 3725 2410 3790 praenomen
2466 3706 2580 3797 tib}

292 3806 587 3870 desinere
642 3802 1111 3868 animadvertit
1165 3824 1370 3889 eoque
1425 3803 1742 3869 vocabulo
1786 3804 2013 3870 addito
2058 3828 2321 3871 versum
2365 3808 2434 3871 in
2480 3809 2575 3871 in-

292 3920 542 3992 tegrum
587 3906 896 3970 restituit.
984 3905 1066 3969 V.
1096 3905 1221 3969 491
1268 3904 1350 3967 de
1392 3908 1713 3992 corruptis
1745 3906 1967 3971 verbis
1987 3914 2190 3991 potest
2214 3911 2384 3974 ultus
2411 3908 2577 3972 nihil

294 4011 450 4073 certi
495 4016 751 4073 constat
794 4008 922 4070 nisi
965 4006 1108 4089 hoc,
1151 4015 1377 4085 natum
1423 4029 1566 4072 esse
1609 4010 1846 4073 vitium
1891 4031 1976 4073 ex
2017 4032 2080 4078 v,
2111 4011 2239 4075 492
2271 4013 2577 4094 prudenti

291 4114 510 4176 smltus
552 4116 656 4175 etc.
706 4118 772 4172 et
814 4117 1121 4195 quattuor
1169 4117 1423 4173 tantum
1465 4109 1701 4174 litteris
1748 4111 1946 4198 (pote)
1993 4134 2109 4198 pro
2153 4112 2574 4177 fundamento

295 4212 755 4276 emendationis
799 4210 1045 4275 relictis
1091 4220 1305 4275 cetera
1349 4213 1757 4278 coniecturae
1801 4223 2044 4300 patere.
2133 4214 2217 4278 V.
2262 4214 2408 4277 440.

422 4401 476 4464 *)
513 4404 777 4452 Fortasse
814 4403 1066 4467 praestat
1100 4404 1214 4453 tam
1248 4404 1445 4464 certem,
1482 4402 1610 4463 coll.
1640 4403 1785 4455 Plin.
1821 4420 1875 4458 n.
1915 4405 1967 4454 h.
2007 4406 2086 4467 18,
2124 4406 2154 4466 {5
2179 4407 2244 4454 29
2283 4404 2448 4456 ‘Cato
2486 4405 2571 4453 in-

293 4491 600 4553 terrogatus
637 4488 760 4555 quis
799 4491 948 4539 esset
983 4487 1323 4539 certissimus
1361 4494 1643 4555 quaestus,
1681 4489 1988 4556 respondit:
2027 4491 2075 4543 si
2112 4489 2254 4544 bene
2289 4496 2534 4561 pascas’.
