3209 5184
608 451 688 515 76
1241 459 1550 509 Pussmnn
1596 460 1754 509 sirm
1801 457 2265 507 senmurum.

770 617 1078 701 Effugere
1121 613 1549 702 cupiditatem
1595 633 1869 698 regnum
1915 620 2013 678 est
2058 612 2341 675 vincere.

607 727 724 785 155
769 717 1105 784 'Exulanti
1151 715 1265 781 ubi
1309 717 1632 801 nusquam
1678 713 1905 779 domus
1938 721 2060 796 est,
2093 715 2234 776 sine
2265 709 2564 798 sepulcro
2597 719 2696 776 est
2725 733 2901 776 mor-

1822 825 1995 880 tuus,

773 922 862 986 Et
906 921 1017 1007 qui
1063 919 1376 995 fecerunt,
1424 919 1702 986 oderunt
1746 918 2073 983 iniuriam.

773 1022 1047 1109 Eripere
1090 1020 1313 1104 telum,
1359 1044 1489 1086 non
1535 1022 1693 1085 dare
1738 1021 1903 1086 irato
1950 1017 2157 1083 decet.

775 1122 1069 1189 Exilium
1113 1123 1379 1210 patitur,
1427 1124 1679 1210 patriae
1724 1124 1834 1208 qui
1881 1143 1949 1186 se
1994 1119 2297 1205 denegat.

773 1225 994 1291 Etiam
1029 1223 1313 1312 „capillus
1358 1247 1524 1289 unus
1570 1223 1769 1287 habet
1815 1222 2108 1287 umbram
2156 1243 2358 1285 suam.

609 1336 730 1393 160
771 1327 961 1392 Eheu
1005 1346 1201 1412 quam
1245 1326 1550 1392 miserum
1600 1335 1720 1408 cst,
1766 1325 1908 1388 fieri
1952 1323 2300 1388 metuendo
2345 1343 2585 1387 senem.

772 1428 991 1493 Etiam
1035 1426 1208 1492 hosti
1255 1436 1355 1492 est
1397 1433 1665 1514 aequus,
1712 1427 1824 1511 qui
1868 1424 2069 1489 habet
2112 1426 2181 1488 in
2226 1423 2499 1489 consilio
2547 1420 2759 1486 fidem.

774 1528 1078 1593 Excelsis
1122 1527 1325 1593 multo
1369 1527 1629 1592 facilius
1676 1549 1863 1592 casus
1908 1536 2114 1592 nocet.

775 1632 1090 1697 Extrema
1136 1651 1390 1717 semper
1436 1628 1518 1693 de
1560 1639 1714 1695 ante
1757 1627 1946 1693 factis
1991 1627 2302 1692 iudicant.

776 1732 883 1796 Ex
920 1730 1040 1796 iite
1085 1729 1290 1795 multa
1331 1732 1546 1816 gratia
1586 1731 1663 1795 fit
1706 1730 2066 1796 formosior.

610 1842 729 1900 165
776 1834 1027 1919 (Etiam
1072 1825 1313 1898 bonum
1356 1853 1554 1920 saepe
1597 1832 1784 1897 obest
1827 1833 2251 1918 assuescere.)

772 1934 1004 1998 Fidem
1051 1935 1165 2020 qui
1210 1934 1449 2020 perdit,
1496 1955 1624 2020 quo
1670 1956 1741 1998 se
1786 1943 2001 1998 servet
2043 1931 2334 1998 relicuo?

777 2036 1067 2099 Fortuna
1112 2057 1259 2101 cum
1302 2033 1659 2119 blanditur,
1706 2044 2036 2123 captatum
2080 2035 2283 2099 venit.

779 2135 1136 2201 Fortunam
1182 2138 1376 2202 citius
1421 2138 1711 2225 reperias
1759 2158 1952 2224 quam
1995 2137 2301 2202 retineas.

775 2238 1135 2303 Formonsa
1179 2239 1379 2303 facies
1424 2248 1605 2303 muta
1652 2237 2124 2303 commendatio
2173 2248 2293 2303 est.

612 2431 880 2475 comens
925 2435 975 2477 v.
1021 2415 1380 2473 147—162:
1427 2417 1649 2474 PRBF
1684 2414 1909 2488 (TEa),
1957 2433 2004 2469 v.
2054 2415 2412 2473 163—165:
2461 2416 2543 2486 F,
2588 2433 2637 2468 v.
2686 2415 2903 2471 me—

1016 2499 1165 2558 192:
1214 2500 1656 2573 PRBF(TEC)

778 2618 895 2676 154
942 2618 1180 2693 effugere
1212 2619 1406 2675 BFE:
1450 2619 1677 2693 effugire
1708 2618 1843 2689 PR,
1888 2636 2010 2694 cup.
2056 2619 2291 2693 effugere
2342 2620 2496 2676 Vino.
2531 2619 2679 2676 Bell.
2713 2633 2800 2691 sp.
2833 2621 2900 2674 d.

605 2705 667 2781 4,
708 2704 826 2763 146
1003 2702 1121 2761 155
1167 2700 1200 2738 *
1234 2701 1482 2759 Exulanti
1525 2702 1640 2759 ubi:
1689 2702 1831 2780 eruli
1875 2702 1963 2760 ubi
2003 2705 2081 2776 L,
2123 2701 2245 2760 exul
2286 2704 2332 2758 is
2373 2705 2460 2760 cui
2506 2704 2718 2760 Gruter
2746 2720 2898 2775 pro·

496 2837 503 2842 .
608 2793 779 2848 hante
811 2788 1103 2860 Bentleio,
1146 2787 1242 2843 Cui
1274 2789 1558 2845 Erasmus
1729 2794 1814 2844 est
1855 2796 2066 2845 mortua
2095 2787 2231 2845 PR.-
2273 2797 2520 2844 mortuus
2563 2794 2649 2843 est
2681 2787 2762 2857 Β,
2806 2796 2895 2843 est

606 2883 879 2930 mortuum
911 2873 968 2929 F
1106 2864 1111 2869 ’
1149 2872 1266 2930 156
1314 2881 1368 2929 ει
1408 2872 1530 2935 LC;
1575 2874 1731 2928 etiam
1794 2874 1949 2929 Vino.
1997 2873 2140 2930 Bell.
2181 2889 2269 2944 sp.
2311 2875 2365 2929 d.
2406 2872 2476 2944 4,
2523 2872 2677 2944 132,
2720 2872 2895 2944 vulqo

777 2957 1023 3015 fecerunt
1054 2958 1109 3013 Β
1130 2975 1230 3029 pr.
1264 2975 1469 3014 manu.-
1514 2956 1717 3013 faciunt
1748 2958 1803 3013 Β
1832 2974 1945 3015 sec.
1976 2976 2048 3014 m.
2080 2958 2304 3029 PRFC,
2338 2961 2502 3032 vulyo
2675 2956 2897 3013 oderint

610 3045 936 3114 Bentleius,
982 3042 1107 3099 odio
1152 3041 1350 3098 hahent
1392 3044 1693 3100 Erasmus
1784 3043 1875 3116 Cf.
1916 3042 2143 3117 Proley.
2176 3061 2276 3117 pq.
2309 3041 2388 3100 56
2594 3041 2711 3099 157
2761 3040 2895 3097 EC.-

607 3131 815 3204 eripere
845 3129 1041 3185 irarum
1075 3125 1283 3197 officia,
1314 3145 1424 3184 non
1455 3143 1754 3201 suggerere
1785 3127 1891 3183 tela
1920 3129 2057 3183 irato
2087 3128 2243 3184 decet
2280 3127 2340 3182 T.
2431 3129 2781 3200 Respexisse
2814 3130 2894 3183 vi-

612 3217 784 3271 detur
827 3211 1050 3269 Seneca
1095 3213 1165 3268 de
1206 3215 1296 3268 ira
1345 3214 1411 3284 l,
1460 3212 1568 3283 19,
1614 3212 1651 3269 8
1703 3211 1859 3268 ‘Male
1899 3214 2034 3268 irato
2077 3211 2276 3268 serrum
2320 3209 2720 3268 committitur-⁹.

617 3297 734 3355 158
781 3297 987 3371 patitur
1018 3295 1079 3367 C,
1112 3296 1356 3353 Gruter.-
1400 3298 1509 3370 pati
1539 3305 1624 3352 est
1653 3298 1731 3369 L,
1763 3304 1847 3352 est
1877 3298 1986 3370 pali
2020 3298 2301 3354 Erasmus
2470 3297 2672 3372 patriae
2702 3312 2761 3352 se
2790 3294 2896 3351 de-

608 3398 805 3458 negare
836 3381 892 3437 Β
921 3395 1036 3436 sec.
1069 3400 1138 3437 m.
1174 3381 1517 3452 Beruense'S,
1551 3384 1701 3437 unde
1732 3383 2044 3438 Fabricius
2074 3380 2143 3438 Se
2173 3380 2445 3456 denegare
2474 3399 2526 3456 p.
2561 3379 2776 3437 exilium
2806 3390 2898 3437 est

602 3468 709 3541 pati
832 3464 946 3523 159
996 3482 1134 3521 unus
1166 3484 1271 3523 om.
1311 3463 1356 3520 C
1483 3465 1604 3523 160
1647 3466 1755 3522 heu
1787 3467 1831 3524 C
1954 3460 2167 3541 senem]
2203 3481 2386 3522 mense
2416 3468 2469 3524 R
2587 3465 2693 3521 heu
2725 3481 2892 3538 quam

604 3569 674 3608 m.
708 3560 790 3608 cst
820 3552 897 3607 sic
926 3566 996 3605 m.
1030 3566 1314 3607 senescere
1353 3549 1510 3607 Vino.
1546 3550 1694 3607 Bell.
1729 3567 1814 3623 sp.
1847 3553 1903 3607 d.
1936 3551 1997 3622 4,
2026 3549 2101 3607 74
2237 3551 2354 3608 161
2420 3535 2580 3608 Vinc'·
2614 3551 2685 3605 B.
2716 3566 2802 3620 sp.
2834 3552 2894 3606 d.

606 3635 669 3707 4,
702 3636 780 3694 58
902 3633 1019 3692 162
1086 3636 1240 3693 Vino.
1279 3636 1426 3694 Bell.
1458 3653 1546 3708 sp.
1577 3636 1633 3692 d.
1658 3634 1719 3707 4,
1749 3634 1885 3692 127.
1936 3636 2023 3709 Cf.
2062 3655 2107 3692 υ.
2140 3636 2258 3692 667
2371 3635 2489 3693 163
2535 3634 2811 3690 anteseetis
2841 3636 2905 3689 F

772 3719 1007 3776 indicant
1052 3721 1232 3777 Bothe
1439 3721 1554 3777 164
1610 3719 1698 3792 Cf.
1747 3740 1795 3778 v.
1844 3720 1958 3778 131
2171 3720 2343 3776 multo
2387 3724 2534 3777 coni.
2580 3720 2666 3777 Io.
2713 3718 2889 3791 Casp.

616 3806 795 3863 Orelli
967 3803 1086 3863 165
1134 3805 1224 3879 Cf.
1259 3824 1308 3862 v.
1339 3804 1440 3862 45.
1473 3804 1614 3862 325.
1791 3805 1934 3861 bono
1967 3809 2114 3862 coni.
2152 3806 2365 3862 Gruter
2563 3804 2775 3877 saepius
2815 3807 2904 3860 ad

603 3892 951 3963 explendum
996 3891 1289 3963 dactylum
1331 3890 1565 3964 Inqolst.
1601 3893 1791 3947 malim
1822 3906 2113 3964 persaepe,
2159 3905 2319 3963 saepe
2361 3891 2445 3953 F;
2487 3890 2646 3944 etiam
2688 3887 2896 3945 bonum

605 3991 767 4048 saepe
799 3982 883 4030 est
915 3973 1274 4030 aedsuoscere
1305 3975 1612 4032 Palatinus
1785 3975 1903 4032 166
1950 3982 2128 4031 servet
2160 3974 2215 4030 Β
2237 3992 2335 4047 pr.
2367 3993 2439 4031 m.
2474 3990 2631 4031 corr.
2671 3974 2741 4029 F.-
2779 3989 2898 4029 ser-

602 4066 693 4114 vat
722 4058 904 4122 PBC‚·
951 4074 1060 4132 quo
1101 4067 1342 4115 reservat
1374 4060 1456 4129 R,
1505 4059 1635 4133 quid
1677 4059 1775 4116 sibi
1819 4066 1995 4116 servat
2025 4061 2083 4114 Ε
2249 4058 2459 4132 reliquo
2496 4058 2540 4113 C
2566 4066 2619 4114 et
2650 4062 2900 4130 optimus

607 4146 795 4201 codex
836 4143 1102 4200 Gruter-i.-
1145 4143 1412 4217 reliquum
1457 4144 1701 4215 PRBE,
1747 4145 1798 4200 iu
1844 4144 2109 4217 reliquum
2145 4144 2494 4215 BernenSiS,
2539 4160 2647 4199 non
2690 4151 2774 4199 est
2806 4160 2899 4199 re-

604 4229 790 4285 lictum
821 4229 878 4284 F
1049 4228 1165 4285 167
1212 4235 1365 4302 capta
1396 4228 1523 4285 dum
1554 4230 1609 4286 R
1800 4228 1915 4287 168
1963 4228 2180 4285 fortuna
2210 4228 2262 4284 P
2430 4229 2663 4303 reperias
2693 4227 2901 4284 PbRB

625 4315 781 4370 Vinc.
819 4309 968 4370 Bell.
1017 4330 1102 4386 sp.
1128 4315 1192 4369 d.
1229 4314 1297 4384 5,
1333 4311 1482 4369 121:
1529 4314 1802 4387 repperias
1836 4314 1993 4384 PaF,
2038 4313 2241 4386 rapies,
2287 4321 2474 4371 ortum
2519 4329 2598 4370 ea:
2640 4313 2819 4386 repies
2858 4312 2908 4368 C

780 4398 896 4456 169
944 4398 1219 4454 formonsa
1254 4399 1366 4454 Pa.-
1413 4398 1689 4455 sormunsa
1718 4400 1819 4468 Pb,
1857 4398 2135 4454 formonso
2165 4399 2240 4464 R,
2274 4398 2508 4455 formosa
2541 4395 2700 4453 ΒΕΘ

606 4490 750 4538 muta
793 4481 893 4537 FC
930 4482 1379 4556 Bamberyensis
1420 4491 1473 4539 et
1523 4485 1837 4540 Erasmus,-
1895 4483 2061 4539 multa
2103 4482 2333 4551 ΡαΒΒ,
2389 4483 2561 4539 multo
2605 4484 2705 4538 Pb.
2801 4483 2895 4555 Cf.
