3209 5184
627 530 752 595 120
1413 546 1850 595 ΒΕΝΤΕΝΤῙΑΕ
1896 546 2117 596 FALso

788 700 1038 764 Auctor
1080 699 1287 763 malus
1333 698 1442 763 vel
1482 720 1622 762 rem
1669 699 1902 763 bonam
1946 708 2201 786 turpem
2245 699 2426 764 facit.

787 800 1122 866 Audacter
1177 809 1523 866 veteranus
1581 822 1877 865 cruorem
1935 808 2268 888 expectat,
2326 802 2437 887 qui
2483 803 2607 867 scit
2651 825 2721 867 se
2765 827 2911 868 sae-

1075 889 1083 908 *
1711 902 1980 990 pissime
2023 903 2264 966 vicisse
2307 912 2456 989 post
2500 905 2911 989 sanguinem.

789 1002 1112 1069 Audendo
1158 1003 1368 1069 virtus
1414 1005 1670 1087 crescit,
1715 1002 2036 1069 tardando
2080 1004 2292 1068 timor.

662 1111 747 1172 40
790 1105 1040 1170 Audire
1082 1104 1270 1169 malis
1318 1126 1508 1191 quam
1553 1103 1733 1191 loqui
1778 1103 2109 1169 libentius.

790 1206 1061 1272 Auferri
1107 1215 1170 1271 et
1212 1205 1400 1289 illud,
1448 1205 1621 1293 quod
1668 1205 1810 1270 dari
1853 1207 2087 1292 potuit,
2134 1215 2370 1293 potest.

790 1308 1240 1374 Avidissimus
1287 1307 1562 1395 quisque
1611 1316 1709 1372 est
1754 1308 2297 1393 egestosissimus.

790 1409 1148 1496 A(vi)gilia
1191 1419 1343 1475 sunt
1386 1408 1678 1473 membra
1724 1409 2121 1474 cursoribus,

790 1510 1125 1577 Auloedus
1170 1511 1307 1595 fiat,
1356 1511 1465 1598 qui
1512 1532 1656 1574 esse
1702 1508 2113 1575 citharoedus
2158 1513 2404 1598 nequit.

664 1619 745 1678 45
788 1613 970 1678 Auro
1017 1612 1331 1679 suadente
1372 1611 1468 1676 nil
1512 1621 1728 1700 potest
1773 1614 1999 1678 oratio.

789 1715 929 1779 Aut
969 1736 1236 1781 necesse
1281 1723 1380 1780 est
1423 1711 1646 1802 ipsum
1683 1724 1750 1780 te
1793 1714 1995 1779 vilem
2037 1713 2277 1778 habeas
2322 1723 2436 1780 aut
2479 1716 2841 1802 pecuniam.

789 1815 972 1882 Bello
1016 1816 1298 1903 gladiuS‚
1346 1816 1649 1905 voluptas
1695 1838 1855 1904 pace
1900 1815 2223 1881 vulnerat.

789 1918 1161 1983 Benefactis
1206 1920 1502 2007 proxime
1545 1917 1632 1982 ad
1676 1918 1831 1983 deos
1878 1916 2273 1982 accedimus.

792 2019 1107 2084 Beneficii
1150 2041 1523 2107 numquam,
1572 2020 1701 2083 cito
1748 2018 1886 2083 dati
1931 2017 2341 2084 obliviscere.

665 2128 748 2188 50
791 2121 1190 2186 Beneficium
1235 2121 1530 2187 celeritas
1575 2121 1825 2206 gratius
1871 2119 2053 2185 facit.

794 2224 1197 2288 Beneficium
1242 2225 1460 2309 egenti
1504 2221 1610 2287 bis
1659 2221 1790 2305 dat,
1840 2222 1952 2308 qui
1998 2221 2111 2287 dat
2157 2221 2475 2289 celeriter.

791 2325 1189 2391 Beneficium
1235 2333 1335 2389 est
1377 2345 1598 2388 carere
1644 2346 1741 2408 eo,
1788 2324 2037 2389 invitus
2084 2318 2258 2412 quod
2302 2325 2661 2413 possideas.

791 2427 1189 2492 Beneficium
1235 2435 1334 2490 est
1378 2448 1633 2513 semper
1675 2425 1950 2491 reddere
1992 2426 2305 2493 bonitatis
2351 2429 2574 2493 verba.

791 2528 961 2595 Boni
1004 2550 1214 2593 mores
1262 2527 1391 2592 sibi
1436 2550 1692 2616 semper
1734 2527 2063 2614 placentes
2108 2539 2510 2617 permanent.

669 2638 749 2697 55
796 2631 994 2696 Bonis
1040 2638 1250 2712 nocet,
1299 2619 1596 2717 quisquis
1641 2631 2004 2718 pepercerit
2046 2629 2258 2697 malis.

795 2733 976 2799 Bono
1020 2731 1312 2797 iustitiae
1354 2732 1656 2818 proxima
1704 2742 1803 2797 est
1847 2732 2184 2796 severitas.

795 2834 1123 2899 Bonorum
1166 2832 1338 2899 ultro
1383 2832 1468 2897 ad
1515 2834 1822 2898 convivia
1864 2833 2183 2899 accedunt
2225 2834 2400 2899 boni.

796 2936 1047 3002 Bonum
1093 2944 1192 3002 est
1237 2935 1490 3001 duabus
1536 2935 1790 3001 ancoris
1836 2936 1961 3001 niti
2006 2945 2233 3001 ratem.

798 3037 1016 3102 Bonus
1061 3039 1316 3103 animus
1361 3039 1429 3101 in
1474 3036 1646 3102 mala
1688 3058 1760 3101 re
1804 3036 2149 3102 dimidium
2195 3046 2295 3101 est
2337 3038 2510 3104 mali.

676 3148 757 3206 60
800 3140 1019 3205 Bonus
1067 3161 1209 3205 esse
1254 3162 1384 3205 non
1428 3148 1643 3227 potest
1687 3138 1835 3204 aliis
1878 3139 2086 3204 malus
2134 3139 2284 3203 sibi.

801 3385 879 3443 37
929 3385 1011 3441 Gr
1042 3383 1098 3440 2.
1133 3382 1285 3444 Caec.
1316 3382 1459 3438 Balb.
1492 3382 1636 3440 Mon.
1670 3381 1771 3455 22,
1807 3382 1867 3456 5,
1899 3402 1991 3459 pg.
2025 3382 2102 3441 27
2274 3383 2353 3442 38
2400 3383 2473 3441 R.
2506 3382 2628 3440 Seu.
2664 3383 2731 3440 de
2759 3401 2921 3458 prov.

630 3469 691 3545 4,
726 3472 760 3528 7
832 3527 835 3532 ,
922 3469 1000 3528 39
1046 3469 1145 3526 Ps.
1179 3467 1330 3524 Caec.
1363 3465 1508 3523 Balb.
1541 3467 1684 3524 Mon.
1719 3469 1780 3541 8,
1813 3468 1873 3541 3,
1905 3485 1997 3543 pg.
2034 3468 2111 3525 21
2269 3467 2353 3527 40
2400 3468 2482 3525 Gr
2513 3467 2567 3524 2.
2600 3468 2673 3524 06
2702 3486 2841 3525 mor.
2877 3471 2917 3528 9

799 3554 878 3612 41
927 3554 1051 3612 Sen.
1096 3554 1255 3629 epist.
1291 3552 1360 3626 8,
1396 3552 1475 3610 10
1504 3552 1630 3609 coll.
1665 3551 1779 3627 59,
1814 3553 1891 3610 18
2083 3551 2163 3609 42
2213 3554 2295 3610 Gr
2326 3553 2380 3610 2.
2413 3552 2564 3610 Caec.
2596 3552 2739 3610 Balb.
2771 3553 2921 3611 Mon.

635 3640 747 3714 12,
781 3641 845 3712 2,
880 3658 973 3715 pg.
1010 3640 1088 3698 23
1271 3636 1351 3696 43
1399 3637 1473 3695 R.
1509 3640 1601 3713 qui
1630 3655 1734 3695 scr.
1765 3637 2030 3714 Aviyilia.
2093 3636 2217 3695 Seu.
2251 3638 2317 3694 de
2346 3655 2499 3713 prov.
2532 3635 2604 3711 4,
2641 3638 2736 3695 13.

631 3724 713 3781 44
760 3727 867 3782 Bo.
899 3724 1003 3781 Cic.
1037 3741 1136 3799 pro
1168 3722 1302 3780 Mur.
1342 3724 1453 3797 13,
1487 3723 1586 3782 29.
1622 3723 1843 3792 Quintil.
1879 3723 1949 3795 8,
1983 3723 2055 3797 3,
2090 3723 2167 3781 79
2339 3722 2419 3780 45
2468 3723 2576 3779 Bo.
2601 3722 2686 3780 Ex
2713 3727 2922 3781 Erasini

633 3809 802 3885 Adag.
835 3806 1082 3883 Χρυσοῦ
1123 3805 1443 3877 λαλοῦντος
1484 3804 1599 3876 πᾶς
1640 3794 2012 3881 ἆπρακτείτω
2052 3800 2223 3883 λόγος
2421 3806 2502 3864 46
2553 3809 2634 3865 Gr
2665 3806 2721 3864 2.
2757 3807 2914 3866 Caec.

631 3895 775 3951 Balb.
809 3894 949 3952 Mon.
980 3893 1082 3965 48,
1120 3893 1216 3964 13,
1247 3910 1338 3967 pg.
1373 3892 1454 3951 35
1628 3891 1706 3951 47
1756 3894 1839 3949 Gr
1869 3893 1927 3949 2.
1959 3892 2108 3949 Caco.
2143 3891 2289 3949 Balh.
2325 3890 2465 3949 Mon.
2489 3890 2593 3966 40,
2617 3889 2679 3965 4,
2708 3911 2800 3968 pg.
2834 3894 2917 3952 33

804 3978 1037 4044 48Βο.
1070 3978 1142 4034 06
1173 3994 1309 4033 mor.
1343 3977 1444 4034 47.
1478 3977 1604 4035 Seu.
1637 3977 1703 4035 de
1734 3977 1907 4038 benef.
1942 3978 2001 4050 3,
2038 3977 2136 4050 15,
2177 3974 2216 4032 4
2416 3975 2496 4034 49
2546 3978 2645 4034 Gr.
2677 3977 2750 4032 06
2780 3981 2923 4035 mori

636 4065 712 4122 67
917 4063 999 4122 50
1045 4064 1127 4120 Gr
1157 4062 1215 4120 2.
1246 4061 1397 4119 Gaec.
1440 4061 1586 4119 Balb.
1616 4062 1754 4119 Mon.
1793 4061 1904 4134 14,
1938 4062 2009 4135 5,
2053 4080 2144 4136 pg.
2180 4059 2258 4117 24
2460 4060 2536 4118 51
2585 4062 2692 4118 Bo.
2726 4062 2850 4118 Var.
2882 4063 2922 4120 1.

592 4187 598 4193 -
634 4149 788 4206 Publ.
822 4156 963 4204 sent.
997 4146 1152 4220 235,
1185 4163 1344 4221 supra
1376 4164 1468 4221 pg.
1502 4147 1579 4204 81
1784 4146 1863 4203 52
1913 4148 2011 4204 Go.
2215 4145 2294 4203 53
2344 4145 2440 4204 Go.
2474 4146 2805 4203 panthaleon
2837 4164 2926 4204 re·

582 4277 589 4283 .
636 4236 801 4290 etius:
855 4234 1076 4292 Bonum
1107 4239 1192 4289 est
1222 4233 1467 4289 reddere
1497 4233 1648 4289 bona
1681 4233 1856 4291 verba
1889 4235 2216 4288 etinimicis
2374 4229 2454 4288 54
2502 4232 2569 4300 Q.
2601 4230 2725 4287 Sen.
2759 4233 2920 4306 epist.

631 4317 735 4390 47,
768 4317 846 4374 21
974 4317 1053 4375 55
1101 4319 1170 4374 E.
1206 4317 1277 4374 06
1308 4335 1442 4375 mor.
1481 4315 1600 4374 114
1730 4315 1809 4375 56
1857 4318 1928 4372 Ε.
1963 4317 2035 4373 06
2067 4333 2198 4372 mor.
2235 4316 2313 4373 97
2442 4314 2519 4373 57
2568 4317 2672 4373 Bo.
2707 4314 2917 4374 Erasm.

637 4401 807 4477 Adag.
848 4420 904 4476 p.
941 4401 1060 4460 641
1096 4402 1225 4460 edit.
1262 4405 1386 4460 anni
1420 4402 1581 4461 1617
1786 4400 1863 4459 58
1913 4401 2021 4459 Bo.
2054 4399 2256 4461 Erasm.
2289 4400 2456 4475 Adag.
2489 4400 2616 4457 ibid.
2648 4418 2743 4474 pg.
2778 4401 2925 4460 628.

639 4486 793 4543 Pind.
825 4485 1035 4561 Olymp.
1072 4488 1133 4560 6,
1168 4487 1281 4545 101
1441 4487 1519 4546 59
1568 4487 1677 4545 Bo.
1710 4486 1881 4544 Plaut.
1911 4484 2106 4543 Pseud.
2140 4483 2265 4545 454
2438 4485 2518 4544 60
2564 4484 2647 4541 Gr
2677 4484 2734 4542 2.
2768 4485 2923 4543 Caec.

642 4569 786 4627 Balb.
819 4570 963 4627 Mon.
999 4570 1101 4643 22,
1134 4570 1191 4626 2.
1221 4588 1314 4646 pg.
1351 4571 1428 4629 27
