3209 5184
649 480 730 546 88
1186 509 1195 516 -
1273 497 1581 545 Pnssmnn
1628 497 1784 546 sym
1831 497 2290 546 SENTENTIAE.

815 650 1011 735 Mage
1055 649 1251 731 valet,
1299 649 1411 736 qui
1455 652 1665 715 nescit
1710 647 1883 737 quod
1929 648 2264 715 calamitas
2311 645 2503 715 valet.

814 751 1000 816 Mora
1045 750 1460 836 cogitationis
1507 749 1852 835 diligentia
1897 760 2016 815 est.

648 859 772 918 350
814 849 1025 916 Multa
1068 851 1464 937 ignoscendo
1509 852 1582 916 fit
1626 861 1856 940 potens
1901 853 2251 939 potentior.
2337 919 2347 926 ,

815 951 1039 1018 Multis
1085 952 1340 1040 placere
1384 974 1549 1038 quae
1593 953 1793 1039 cupit,
1840 953 2095 1040 culpam
2139 954 2340 1041 cupit.

813 1055 1157 1120 Minimum
1203 1054 1397 1141 eripit
1439 1054 1723 1136 fortuna,
1771 1056 1876 1119 cui
1919 1055 2258 1119 minimum
2303 1056 2504 1122 dedit.

814 1155 1134 1220 Meretrix
1178 1170 1274 1219 est
1318 1156 1823 1220 instrumentum
1867 1156 2314 1221 contumeliae.

817 1254 1030 1321 Malus
1076 1257 1319 1322 bonum
1362 1256 1447 1322 ad
1494 1279 1563 1321 se
1607 1279 1958 1343 numquam
2004 1256 2342 1323 consilium
2389 1260 2605 1326 refert.

649 1365 770 1424 355
817 1358 1171 1423 Manifesta
1215 1378 1409 1422 causa
1452 1379 1671 1423 seeum
1714 1359 1914 1424 habet
1958 1360 2366 1424 sententiam.

772 1451 777 1454 ’
814 1458 1171 1526 Multorum
1215 1458 1569 1523 calamitati
1615 1459 1720 1523 vir
1762 1461 2034 1526 moritur
2078 1461 2309 1530 bonus.

812 1561 1029 1626 Metus
1073 1563 1402 1648 improbos
1449 1563 1822 1647 compescit,
1867 1583 1998 1626 non
2044 1561 2404 1628 elementia.

812 1662 1224 1748 (Muneribus
1270 1684 1400 1726 non
1442 1660 1728 1727 lacrimis
1772 1664 2083 1728 meretrix
2128 1674 2227 1729 est
2270 1666 2689 1753 misericors.)

812 1763 1270 1851 (Metuendum
1313 1785 1568 1849 semper
1613 1785 1754 1828 esse
1798 1766 1991 1848 scias,
2039 1787 2232 1851 quem
2273 1775 2487 1832 tutum
2531 1768 2748 1855 velis.)

644 1874 768 1932 360
810 1865 989 1929 Mors
1034 1865 1273 1930 infanti
1317 1864 1501 1949 felix,
1551 1865 1776 1930 iuveni
1821 1866 2081 1944 acerba,
2129 1883 2286 1932 sera·
2314 1870 2509 1935 nimis
2555 1872 2715 1935 seni.

815 1965 1057 2030 Malam
1100 1988 1238 2030 rem
1282 1989 1429 2031 eum
1474 1965 1663 2050 velis,
1709 1966 2114 2033 honestatem
2154 1969 2504 2056 improbes.

758 2053 767 2062 ⁸
813 2066 1061 2132 Malum
1108 2077 1207 2132 est
1252 2067 1615 2151 consilium,
1663 2069 1836 2154 quod
1877 2070 2116 2134 mutari
2157 2092 2288 2135 non
2333 2081 2564 2159 potest.
2587 2067 2604 2078 ’

781 2168 1071 2233 Malitia
1112 2169 1306 2233 unius
1352 2169 1481 2235 cito
1525 2168 1599 2234 fit
1644 2168 2066 2235 maledictum
2110 2173 2417 2236 omnium.

814 2271 1091 2335 Mortem
1133 2270 1248 2335 ubi
1294 2279 1692 2354 contemnas,
1738 2292 1958 2336 omnes
2006 2273 2256 2337 viceris?
2289 2284 2521 2360 peetus.

647 2378 768 2437 365
814 2372 1060 2436 Misera
1104 2380 1202 2435 est
1246 2363 1566 2459 voluptas,
1620 2372 1735 2437 ubi
1780 2371 2009 2459 pericli
2051 2378 2363 2438 memor&
2408 2385 2524 2441 est.

813 2470 986 2536 Male
1032 2473 1238 2550 vincit
1283 2473 1362 2555 is,
1410 2495 1600 2559 quem
1644 2474 1934 2560 paenitet
1972 2475 2306 2541 victoriae.

647 2785 911 2829 comens
955 2786 1005 2825 v.
1041 2741 1407 2826 341—3763
1452 2769 1510 2824 F
1535 2765 1638 2840 (T)

816 2903 936 2962 348
982 2920 1136 2978 mage
1169 2903 1411 2960 Gruter.-
1443 2904 1610 2977 magis
1645 2904 1703 2959 F
1815 2964 1821 2970 ,
1890 2903 2034 2977 quod
2064 2905 2145 2960 F.-
2190 2905 2319 2979 quid
2353 2909 2598 2964 editores
2776 2904 2813 2942 '¹‘
2846 2927 2936 2966 ea·

648 2990 857 3046 lamitas
888 2988 1053 3045 valet:
1102 3006 1147 3044 v.
1176 3005 1220 3044 o.
1253 2989 1338 3060 F,
1381 3004 1426 3043 c.
1461 2986 1590 3061 quid
1633 3005 1682 3043 v.
1719 2988 1954 3060 Gruter,
2000 2989 2126 3062 quid
2167 2989 2338 3046 valeat
2378 2991 2645 3048 calamitas
2677 2993 2938 3069 Maelzly.

650 3074 759 3146 Cf.
776 3091 877 3148 pq.
916 3072 997 3130 54
1212 3071 1332 3130 349
1381 3071 1469 3143 Cf.
1516 3091 1566 3129 v.
1615 3072 1735 3129 311
1962 3071 2259 3129 diffidentia
2299 3080 2448 3132 coni.
2496 3077 2712 3134 Gruter

650 3158 774 3217 350
816 3159 999 3215 Aliter
1040 3176 1090 3215 v.
1138 3156 1278 3215 394.
1326 3156 1466 3214 528.
1510 3156 1649 3214 535.
1696 3157 1838 3214 592.
1886 3156 2005 3214 645
2221 3159 2339 3215 351
2393 3158 2481 3232 Cf.
2528 3180 2577 3218 v.
2624 3160 2763 3220 340.
2808 3163 2935 3221 532

782 3241 928 3316 culp.
963 3243 1114 3315 eupit
1145 3244 1230 3299 ed.
1264 3241 1431 3313 Bip..·
1476 3257 1521 3296 c.
1554 3243 1696 3315 capit
1725 3242 1784 3298 F
1893 3241 2013 3299 352
2061 3242 2284 3299 Seneca
2316 3248 2480 3316 epist.
2516 3245 2617 3318 59,
2653 3246 2729 3304 13
2762 3246 2939 3322 ‘quod

650 3344 760 3383 non
806 3323 954 3382 dedit
995 3325 1243 3397 fortuna,
1284 3342 1394 3381 non
1436 3326 1635 3399 eripit'.
1680 3328 1749 3382 de
1791 3333 1970 3383 const.
2003 3342 2132 3399 sap.
2167 3327 2236 3400 5,
2269 3326 2307 3383 4
2350 3327 2445 3385 ‘nil
2490 3331 2650 3404 eripit
2688 3330 2950 3408 fortuna,

649 3412 753 3468 nisi
794 3409 942 3484 quod
985 3409 1175 3467 dedit'.
1350 3411 1437 3465 oui
1466 3411 1798 3468 Bentleius:
1840 3427 1962 3466 oum
1991 3412 2048 3467 F
2213 3412 2335 3470 353
2382 3421 2464 3469 est
2494 3416 2653 3474 instr.
2689 3416 2939 3474 Gruter.-

649 3498 806 3554 instr.
840 3501 925 3550 est
958 3495 1015 3550 F
1208 3494 1329 3552 356
1376 3493 1659 3550 calamitati
1690 3495 2070 3553 Ribbeckius:
2115 3496 2414 3553 calamitate
2445 3501 2502 3556 F
2668 3500 2790 3558 357
2838 3503 2934 3575 Cf.

649 3599 699 3637 v.
733 3577 875 3636 494.
911 3578 1033 3637 553
1233 3579 1355 3638 358
1403 3579 1488 3651 Cf.
1516 3597 1617 3653 pq.
1652 3578 1750 3637 56.
1845 3578 2130 3638 Creticum
2170 3584 2468 3639 dimetrum
2509 3585 2646 3641 dicit
2678 3585 2935 3659 Spenqe-

647 3668 762 3721 lius
801 3667 859 3720 in
903 3665 1113 3721 Caecil.
1147 3681 1214 3736 p.
1250 3665 1319 3735 7,
1363 3663 1674 3720 muneribus
1717 3665 1973 3720 meretrix
2018 3666 2286 3740 tangitur,
2331 3683 2440 3723 non
2485 3668 2713 3725 lacrimis
2745 3671 2938 3728 Bothe

819 3747 940 3805 359
989 3748 1078 3820 Cf.
1113 3768 1162 3806 v.
1199 3751 1255 3807 9.
1293 3748 1427 3805 116.
1463 3748 1583 3806 519
1757 3748 2103 3805 Metuendum
2148 3767 2360 3824 semper
2389 3759 2473 3808 est
2502 3754 2586 3824 ei,
2630 3754 2776 3828 quod
2802 3762 2844 3810 t.
2881 3774 2932 3812 v.

653 3833 871 3889 Gruter
1053 3832 1177 3892 350
1221 3835 1474 3891 Sentent.
1526 3834 1691 3906 Rufi.
1717 3833 1770 3905 (e
1812 3836 1937 3890 eod.
1980 3835 2171 3892 Paris.
2220 3838 2321 3892 lat.
2366 3834 2563 3908 4841,
2617 3854 2774 3894 saec.
2815 3840 2938 3909 IX)

649 3914 815 3973 ‘Mors
847 3915 975 3973 sorti
1008 3913 1172 3990 lem,
1214 3918 1465 3974 servienti
1509 3924 1723 3991 optata,
1770 3916 2014 3974 obtabilis
2044 3920 2333 3975 inmatura'
2383 3919 2527 3991 (eod.
2561 3922 2934 3996 inmutatum).

794 4017 939 4056 -sera
986 4000 1140 4056 nimis
1185 4001 1429 4059 Gruter.-
1472 4002 1631 4057 nimis
1674 4019 1792 4057 sera
1831 4004 1888 4059 F
2066 4002 2186 4061 362
2236 4006 2451 4062 Gellius
2494 4006 2604 4077 17,
2641 4005 2751 4077 14,
2793 4008 2931 4065 Joa.

650 4086 880 4143 Saresb.
913 4085 1128 4142 Polior.
1163 4086 1223 4156 8,
1261 4085 1356 4156 14,
1390 4085 1436 4141 0
1594 4085 1723 4144 ,363
1770 4087 1904 4144 Sen.
1937 4089 2193 4145 Phaedr.
2226 4088 2346 4146 573
2379 4088 2483 4162 (=
2514 4091 2752 4163 Hippol.
2777 4091 2929 4170 563)

649 4167 780 4225 ‘Cur
822 4170 1057 4225 omnium
1090 4168 1151 4226 fit
1182 4170 1337 4245 eulpa
1367 4186 1654 4244 paucarum
1686 4170 1863 4227 scelus
1876 4172 1923 4227 ‘2'
2125 4172 2246 4230 364
2295 4174 2383 4246 Cf.
2421 4173 2541 4232 205
2742 4192 2934 4233 omnes

650 4274 699 4310 v.
733 4266 803 4310 ιη’.
832 4254 1069 4329 Inqolst.
1104 4272 1173 4310 m.
1207 4273 1253 4311 v.
1288 4272 1338 4311 0.
1373 4255 1445 4324 F,
1477 4273 1525 4309 v.
1560 4271 1611 4311 0.
1644 4271 1712 4310 m.
1749 4255 1934 4314 Bothe
2133 4257 2255 4315 365
2305 4256 2390 4331 Cf.
2425 4258 2544 4315 521
2739 4261 2933 4334 pericli

651 4341 890 4412 Inyolst.
925 4339 1152 4412 periculi
1182 4341 1239 4396 F
1404 4340 1524 4397 366
1572 4340 1615 4394 is
1659 4356 1819 4413 quem
1862 4340 1962 4414 (ef.
1996 4360 2045 4399 v.
2080 4335 2182 4412 82,
2218 4341 2358 4414 174)
2392 4344 2635 4401 Gruter.-
2664 4361 2824 4418 quem
2857 4348 2933 4415 F,

648 4422 910 4492 fortasse
949 4439 1110 4496 quem
1151 4433 1278 4498 post
1322 4427 1394 4481 cl.
1441 4442 1489 4481 v.
1539 4424 1677 4480 111.
1717 4423 1854 4482 196.
1891 4425 2044 4498 271,
2088 4443 2246 4500 quem
2286 4444 2411 4484 mox
2451 4430 2748 4493 Halmius;
2792 4431 2933 4487 male

655 4506 815 4562 vineit
846 4506 1146 4579 audaciam,
1180 4526 1340 4583 quem
1370 4510 1614 4583 poenitet
1646 4509 1867 4565 victoria
1904 4511 1954 4567 T
2608 4523 2622 4540 s
