3209 5184
868 431 1082 478 INTER
1124 429 1590 478 PanmANAs
1635 427 2019 476 RECEPTAE.
2475 414 2596 478 125

476 583 690 649 Homo
733 593 953 648 tacere
997 584 1110 670 qui
1152 584 1385 665 nescit,
1430 583 1640 647 nescit
1683 581 1912 668 loqui.-

476 685 771 751 Honesta
811 686 989 749 fama
1030 683 1262 750 melior
1303 684 1580 771 pecunia
1623 692 1741 747 est.

476 786 773 852 Honesta
815 786 928 851 lex
973 796 1073 851 est
1114 785 1429 873 temporis
1472 785 1851 850 necessitas.

252 912 259 920 ·
303 897 434 956 160
479 888 836 954 Honestius
868 897 966 953 est
997 908 1145 952 cum
1174 887 1572 952 indicaveris
1601 907 1843 973 amare,
1869 907 2064 973 quam
2091 908 2242 952 cum
2270 888 2596 951 amaveris

966 989 1277 1055 iudicare.

478 1091 766 1158 Humilis
812 1102 877 1156 et
919 1093 1152 1173 inertis
1197 1101 1296 1156 est
1336 1099 1483 1155 tuta
1526 1091 1783 1156 sectari.

478 1193 561 1258 Id
604 1216 780 1280 agas,
823 1215 908 1258 ne
953 1194 1098 1280 quis
1142 1202 1255 1257 tuo
1298 1201 1366 1256 te
1409 1194 1643 1257 merito
1688 1191 1921 1256 oderit.

478 1296 770 1381 Ignavus
815 1296 993 1360 omni
1038 1304 1249 1360 cessat
1293 1294 1503 1359 omnis
1548 1301 1858 1380 tempore.

476 1396 664 1482 Ignis
707 1397 944 1483 probat
985 1418 1237 1478 aurum,
1281 1396 1585 1460 miseriae
1629 1394 1864 1459 fortem
1907 1394 2224 1482 probant.-

530 1498 843 1583 Ignoscas
886 1499 1035 1563 aliis
1078 1497 1304 1579 multa,
1350 1496 1467 1561 sed
1509 1495 1676 1560 nihil
1719 1495 1865 1561 tibi.

305 1565 429 1624 ¹65
482 1499 862 1699 {Ignoscito
907 1622 1101 1687 saepe
1143 1598 1356 1682 alteri,
1401 1620 1755 1685 numquam
1797 1597 1944 1663 tibi.

478 1702 706 1787 Imago
748 1703 953 1766 animi
996 1724 1208 1766 sermo
1250 1709 1388 1784 est:
1435 1699 1648 1788 qualis
1695 1709 1795 1764 est
1836 1701 1964 1784 vir,
2008 1700 2162 1765 talis
2207 1702 2435 1766 oratio.

480 1802 837 1889 Imperium
879 1804 1123 1868 habere
1165 1803 1271 1866 vis
1313 1823 1620 1887 magnum
1637 1800 1672 1864 *Ρ
1715 1803 1966 1889 impera
2006 1802 2153 1866 tibi.

478 1903 855 1969 Imbecillos
899 1904 1118 1970 oculos
1164 1926 1329 1987 esse,
1375 1905 1489 1991 qui
1530 1903 1618 1968 ad
1660 1902 1943 1968 alienam
1969 1903 2431 1991 lippitudinem
2462 1904 2596 1969 suf-

963 2005 1351 2071 funduntur.

480 2109 562 2173 In
582 2107 778 2173 felice
798 2106 1082 2173 felicitas
1105 2116 1205 2172 est
1223 2107 1619 2188 innocentia,
1636 2109 1931 2194 nequitia
1951 2107 2096 2196 ipsa
2115 2130 2326 2195 poena
2349 2108 2452 2173 sui
2475 2117 2596 2173 est.

308 2218 437 2276 170
482 2211 564 2275 111
607 2209 925 2274 felicitate
968 2232 1042 2276 se
1084 2210 1337 2295 erigere
1381 2218 1481 2273 est
1522 2207 1907 2274 felicitatem
1950 2209 2354 2274 submittere.

480 2312 733 2375 Infirmi
776 2312 983 2375 animi
1028 2321 1129 2376 est
1171 2334 1303 2376 non
1344 2332 1539 2398 posse
1583 2309 1856 2375 divitias
1900 2312 2058 2398 pati.

478 2412 837 2479 Inhonesta
876 2435 983 2477 res
1028 2422 1129 2480 est
1172 2435 1323 2478 suos
1368 2413 1667 2477 vincere:
1714 2415 1878 2478 satis
1909 2422 2011 2478 est
2036 2414 2327 2501 potuisse
2355 2414 2594 2499 puniri.

478 2514 561 2578 In
601 2514 700 2579 nil
741 2515 1054 2604 sapiendo
1097 2515 1239 2579 vita
1280 2513 1755 2579 iucundissima
1797 2523 1919 2579 est.

478 2615 759 2682 Insanus
804 2618 1014 2682 omnis
1059 2617 1278 2681 furere
1321 2616 1532 2681 credit
1575 2625 1846 2682 ceteros.

317 2724 440 2783 175
484 2716 698 2783 Insita
739 2718 930 2784 nobis
972 2719 1180 2784 nostri
1223 2720 1458 2783 caritas
1506 2728 1605 2784 est
1649 2719 1962 2806 corporis.

480 2819 562 2883 In
605 2821 958 2885 sterculino
1000 2819 1351 2907 plurimum
1392 2820 1605 2906 gallus
1648 2829 1886 2908 potest.

481 2920 793 3007 Intellige
837 2944 1078 3009 ecquae
1121 2922 1276 3005 sint,
1320 2931 1395 2987 ut
1437 2932 1503 2987 et
1544 2922 1715 2988 bene
1756 2943 1914 3007 aga-s
1958 2921 2151 2986 bona.

478 3023 663 3088 Inter
704 3025 948 3089 amicos
992 3022 1322 3089 iudicatur
1363 3047 1556 3111 quam
1601 3025 1904 3089 inimicos
1945 3022 2308 3088 molestius.

480 3124 562 3188 In
604 3124 954 3212 tranquillo
999 3146 1144 3189 esse
1187 3126 1466 3213 quisque
1505 3125 1906 3212 gubernator
1944 3134 2181 3212 potest.

323 3234 445 3292 180
488 3225 665 3290 Iram
709 3227 821 3313 qui
864 3227 1095 3310 vincit,
1139 3228 1393 3293 hostem
1438 3231 1706 3314 superat
1745 3228 2124 3292 maximum.

484 3328 706 3393 Iratus
750 3350 899 3392 cum
939 3327 1026 3392 ad
1068 3350 1140 3393 se
1181 3329 1403 3412 rediit,
1449 3329 1581 3394 sibi
1623 3338 1764 3395 tum
1805 3330 2130 3396 irascitur.

484 3523 604 3580 157
648 3522 718 3579 F.
749 3522 823 3578 116
854 3539 990 3582 mor.
1026 3522 1147 3580 132
1323 3524 1444 3582 158
1489 3526 1558 3581 F.
1590 3523 1686 3581 Est
1714 3524 2055 3600 paraphrasis
2085 3540 2272 3580 versus
2304 3523 2427 3584 217

317 3608 439 3664 159
482 3608 586 3663 Ps.
724 3607 857 3665 160
900 3607 1006 3664 Go.
1038 3607 1164 3664 Sen.
1196 3610 1355 3682 epist.
1389 3609 1451 3681 3,
1482 3609 1552 3674 2,·
1581 3609 1652 3666 (16
1679 3626 1818 3666 mor.
1849 3608 1932 3666 48
2097 3607 2214 3665 161
2262 3609 2338 3665 R.
2370 3607 2496 3665 Sen.
2528 3607 2597 3665 de

310 3691 529 3765 provid.
562 3692 625 3763 5,
658 3692 735 3748 11
911 3692 1031 3748 162
1077 3694 1149 3749 Ε.
1182 3693 1250 3749 (16
1280 3710 1417 3750 mor.
1451 3694 1531 3752 26
1709 3694 1829 3752 163
1873 3694 1944 3750 F.
2099 3692 2220 3750 164
2267 3694 2350 3751 Gr
2377 3710 2443 3749 ex
2471 3693 2593 3751 cod.

308 3775 477 3831 Palat.
537 3775 665 3832 Sen.
695 3775 764 3832 de
791 3777 1003 3850 provid.
1035 3777 1095 3848 5,
1130 3778 1211 3836 10
1411 3779 1532 3837 165
1576 3780 1652 3852 F,
1681 3780 1781 3836 Ps.
1815 3778 1888 3835 116
1917 3795 2056 3835 mor.
2093 3777 2234 3850 111,
2264 3777 2416 3834 Caec.
2450 3778 2591 3836 Balb.

310 3859 455 3917 lton.
492 3862 551 3932 1,
577 3860 643 3932 4,
670 3877 769 3935 pg.
804 3861 905 3932 18,
935 3862 1141 3918 Auson.
1171 3871 1380 3937 septem
1409 3862 1533 3938 Sap.
1567 3863 1752 3921 Cleoh.
1931 3863 2052 3922 166
2096 3864 2204 3920 Ρη.
2235 3863 2310 3920 116
2338 3879 2476 3919 mor.
2517 3865 2595 3921 73

484 3945 606 4003 167
653 3945 755 4000 Gr.
782 3945 1040 4002 Proverb.
1077 3945 1219 4018 132,
1249 3965 1413 4021 supra
1441 3967 1537 4023 pg.
1572 3948 1691 4005 111
1882 3949 2004 4006 168
2050 3948 2153 4005 Go.
2185 3946 2312 4004 Seu.
2342 3947 2410 4003 (16
2439 3948 2594 4005 clem.

314 4029 373 4101 2,
404 4030 465 4101 6,
494 4029 537 4084 4
742 4030 863 4087 169
909 4031 1011 4087 Go.
1044 4030 1113 4088 de
1141 4049 1279 4088 mor.
1312 4032 1411 4090 63.
1447 4033 1546 4091 64.
1756 4034 1878 4093 170
1922 4034 2024 4091 Ge.
2056 4032 2130 4088 116
2158 4048 2295 4088 mor.
2331 4031 2412 4089 62

318 4114 431 4170 171
478 4115 549 4169 F.
581 4113 710 4169 Seu.
743 4116 903 4189 epist.
935 4115 997 4187 5,
1028 4115 1065 4173 6
1240 4116 1358 4173 172
1406 4119 1508 4176 Go.
1540 4118 1616 4174 De
1645 4135 1782 4175 mor.
1817 4118 1918 4176 68.
1952 4117 2050 4176 69.
2207 4116 2328 4174 173
2372 4117 2481 4172 Βο.
2514 4115 2594 4172 Cf.

310 4197 529 4273 Proleg.
558 4217 657 4272 μς.
687 4198 771 4256 46
943 4199 1064 4256 174
1106 4202 1204 4257 Px.
1233 4201 1308 4258 De
1336 4219 1474 4259 mor.
1508 4203 1589 4261 35
1765 4203 1886 4260 175
1930 4202 1998 4259 F.
2159 4200 2280 4257 176
2324 4202 2433 4257 Βο.
2464 4199 2591 4257 8611.

312 4283 525 4356 apocal.
571 4283 635 4356 7,
664 4283 705 4340 3
822 4284 941 4341 177
986 4284 1245 4359 Scaliger.
1305 4287 1457 4344 Sexti
1484 4288 1712 4364 Pythag.
1744 4295 1886 4346 sent.
1917 4303 1948 4342 a
1975 4283 2170 4342 Rufino
2198 4284 2292 4340 lat.
2324 4300 2480 4342 conv.
2511 4285 2594 4343 49

430 4368 553 4425 178
643 4368 747 4424 Gr.
778 4367 933 4425 Caoe.
964 4369 1110 4426 Bau».
1140 4370 1259 4427 Par.
1296 4371 1399 4445 23,
1426 4391 1521 4447 pg.
1557 4373 1638 4431 39
1829 4371 1950 4430 1⁹19
1993 4371 2106 4428 Ro.
2136 4367 2262 4425 Sen.
2295 4369 2454 4444 epist.
2489 4369 2592 4443 85,

312 4452 395 4509 43
529 4452 657 4510 180
696 4454 799 4509 Ps.
831 4454 903 4508 116
932 4470 1068 4511 mor.
1098 4455 1174 4513 81
1354 4458 1471 4516 181
1525 4459 1626 4515 Gr.
1659 4457 1814 4516 6666.
1845 4455 1992 4514 Rath.
2023 4453 2166 4512 Mon.
2201 4453 2260 4525 7,
2290 4454 2352 4525 3,
2380 4472 2476 4530 pg.
2511 4455 2587 4512 21
