3209 5184
885 463 1197 509 Punmml
1244 464 1401 510 siml
1448 463 1905 511 SENTENTIAE.
2039 461 2046 466 ·
2454 448 2547 513 95

264 634 392 673 Prov.
444 614 763 698 Optimum
820 620 908 679 est
959 635 1197 697 semper
1254 617 1565 697 iquoscere
1577 664 1595 695 ,
1660 620 1986 697 tamquam
2037 617 2096 679 si
2147 617 2280 698 ipse
2333 618 2550 681 cotidie

1462 737 1691 799 pecces

431 817 751 899 Optimum
803 823 891 883 est
931 819 1249 882 maiorum
1300 819 1561 900 vestiqia
1618 819 1822 899 sequi,
1880 819 1938 882 si
1993 824 2176 928 recte⁶
2194 840 2549 901 praecesse—

1470 920 1619 983 rint.

432 1019 654 1084 Omnis
696 1021 906 1085 doctor
947 1022 1021 1084 iu
1062 1022 1228 1084 vitae
1269 1007 1514 1085 ratione
1546 1041 1816 1102 peccans
1857 1024 2104 1103 turpior
2147 1028 2250 1106 est,

296 1130 377 1186 35
430 1122 523 1187 Ob
572 1123 685 1187 hoc
727 1124 894 1203 quod
932 1123 1003 1186 iu
1048 1122 1273 1205 officio,
1320 1124 1498 1186 cuius
1540 1124 1838 1204 mayister
1880 1142 2005 1187 esse
2046 1124 2197 1202 vult,
2244 1125 2496 1189 labitur.

425 1224 657 1289 Omnis
703 1221 1007 1309 voluptas
1054 1244 1521 1309 quemcumque
1563 1222 1787 1311 anrisit
1829 1234 2045 1287 nocet.

427 1325 736 1390 Officium
780 1323 1073 1388 benivoli
1116 1325 1319 1387 animi
1360 1323 1554 1387 finem
1597 1346 1730 1389 non
1772 1324 1991 1389 habet.

427 1426 486 1491 O
532 1428 672 1490 vita
715 1428 952 1491 misero
997 1424 1215 1510 longa,
1260 1424 1439 1489 felici
1481 1425 1736 1489 brevis!

424 1527 802 1611 'Obiurgari
846 1529 916 1591 in
959 1526 1334 1591 calamitate
1376 1527 1648 1611 gremius
1694 1536 1794 1591 est
1838 1549 2031 1613 quam
2076 1525 2433 1592 calamitae.

255 1619 405 1694 440'
430 1628 489 1693 O
536 1628 725 1692 dulce
766 1638 1181 1711 tormentum,
1226 1627 1343 1691 ubi
1387 1629 1763 1713 reprimitur
1804 1627 2147 1713 gaudium!

436 1730 680 1795 Omnes
723 1751 930 1815 aequo
976 1731 1193 1794 animo
1236 1740 1490 1816 parent,
1535 1730 1651 1794 ubi
1697 1730 1884 1815 digni
1925 1731 2269 1818 imperant.

432 1831 665 1896 Occidi
711 1841 828 1916 est⁸
851 1830 1233 1917 pulchrum,·
1262 1831 1694 1916 ignominiose
1736 1831 1851 1896 ubi
1895 1834 2165 1897 servias.

434 1934 493 1999 O
537 1935 809 1998 tacitum
851 1941 1243 1996 tormentum
1285 1934 1488 1997 animi
1533 1933 1958 1998 conscientia!

437 2033 722 2122 'Optime
775 2035 1059 2120 positum
1115 2036 1215 2098 est
1269 2033 1692 2119 beneficium,
1746 2034 1864 2098 ubi
1917 2037 2055 2098 eius
2100 2037 2394 2100 meminit
2438 2038 2551 2123 qui

1469 2129 1732 2224 accipit.

253 2245 382 2302 445
431 2238 835 2324 Obsequium
883 2245 1127 2324 nuptae
1172 2238 1301 2301 cito
1345 2238 1419 2301 fit
1463 2238 1685 2302 odium
1728 2238 2020 2326 paelicis.

435 2339 711 2404 Occasio
754 2349 1056 2425 receptus
1102 2337 1406 2402 difficiles
1450 2338 1670 2403 habet.

432 2441 489 2504 O
534 2442 889 2526 pessimum
934 2438 1272 2526 periclum,
1320 2449 1617 2526 opertum
1661 2441 1832 2527 quod
1877 2440 2065 2506 latet!

427 2544 694 2624 Omnes,
740 2565 885 2606 cum
929 2541 1184 2606 occulte
1226 2552 1520 2627 peccant,
1564 2551 1835 2630 peccant
1878 2543 2081 2607 ocius,

253 2838 526 2880 comens
557 2840 604 2878 v.
637 2819 1002 2879 436—449:
1040 2819 1096 2875 F
1121 2820 1222 2897 (T)

262 2957 391 3031 PR,
425 2958 550 3013 odio
584 2965 803 3031 oportet
833 2965 893 3011 ut
924 2955 1122 3011 bonum
1154 2957 1212 3012 F
1404 2972 1520 3029 pec.
1557 2956 1860 3012 terriculam
1892 2973 2001 3012 non
2047 2956 2206 3013 Vino.
2401 2966 2550 3013 metu

261 3045 322 3098 F
493 3042 571 3098 32
616 3043 772 3098 Ρὶῖη.
806 3046 968 3112 epist.
1002 3041 1073 3112 8,
1108 3040 1219 3112 22,
1255 3040 1290 3095 2
1333 3038 1618 3113 ‘optimum
1661 3043 1905 3097 existimo
1947 3043 2037 3114 qui
2066 3042 2260 3097 ceteris
2290 3041 2363 3095 ita
2393 3042 2549 3115 igno-

252 3131 386 3199 scit,
420 3136 688 3200 tamquam
721 3129 835 3199 ipse
867 3125 1067 3181 cotidie
1099 3126 1331 3198 peccet’.
1519 3128 1564 3181 si
1593 3125 1807 3182 PREC
1849 3127 2002 3182 Vino
2036 3128 2106 3182 Β.
2141 3142 2225 3198 sp.
2257 3129 2312 3182 d.
2342 3124 2404 3196 4,
2438 3125 2544 3181 68:

248 3231 361 3267 om.
399 3213 457 3266 F
482 3211 706 3267 Plinius
877 3210 956 3266 33
1021 3211 1176 3265 Vino.
1210 3210 1284 3265 Β.
1318 3226 1402 3280 sp.
1436 3212 1487 3265 d.
1521 3210 1579 3281 5,
1606 3210 1683 3267 37
1858 3210 1939 3266 34
2003 3211 2157 3267 Vmc.
2189 3213 2261 3267 Β.
2292 3227 2380 3281 sp.
2407 3212 2460 3265 d.
2486 3210 2546 3280 5,

250 3297 333 3353 56
381 3297 556 3351 omnis
591 3337 604 3350 .
642 3294 933 3351 ..labitur
1133 3295 1210 3351 35
1259 3294 1374 3349 vult
1421 3312 1522 3350 om.
1555 3296 1636 3354 R
1792 3294 1915 3352 436
1962 3311 2383 3368 quamcumque,
2424 3299 2458 3351 i.
2499 3311 2546 3349 e.

250 3389 780 3453 quantumcumque
821 3383 966 3437 coni.
1015 3380 1185 3451 Casp.
1236 3380 1440 3449 Orelli,
1484 3398 1562 3435 an
1604 3380 1958 3453 cuicumque?
2128 3380 2250 3436 437
2296 3377 2468 3434 benev
2472 3380 2543 3435 oli
2621 3417 2630 3422 -

247 3469 508 3521 editores
679 3464 804 3521 438
851 3465 1075 3520 Seneca
1110 3472 1363 3521 controv.
1398 3464 1580 3536 7,(3)
1618 3465 1726 3535 18,
1766 3464 2012 3535 p.206,
2049 3463 2123 3520 19
2165 3465 2345 3520 Burs.
2375 3467 2548 3535 Apol·

244 3554 446 3606 lomus
477 3567 571 3621 ap.
607 3550 832 3605 Stobae.
891 3552 1063 3621 florii.
1103 3548 1256 3621 121,
1290 3548 1369 3604 34
1409 3539 1634 3622 βραχὺς
1676 3537 1703 3601 ὁ
1747 3546 1876 3623 βίος
1917 3538 2226 3624 ἀνθρώπῳ
2267 3564 2334 3603 ευ
2367 3542 2547 3622 πράτ·

242 3652 449 3700 τοντι,
496 3632 881 3705 δυςτυχοῦντι
924 3627 987 3688 δὲ
1028 3628 1257 3708 μακρός
1428 3636 1581 3689 vita.
1616 3633 1870 3707 .l.onga
1907 3631 2127 3687 .brevis
2172 3632 2427 3689 Seneca.-
2470 3634 2545 3688 vi-

245 3728 408 3775 tam.
443 3718 756 3793 .longam.
791 3717 1051 3774 .brevem
1081 3721 1154 3790 F,
1188 3719 1269 3791 cf.
1302 3739 1351 3776 v.
1366 3718 1560 3782 443
1710 3715 1832 3774 439
1882 3716 2187 3790 cf.v.86.
2223 3715 2342 3772 124

243 3804 531 3879 obiurgari
562 3805 634 3872 F,
667 3805 861 3859 Bentt.
893 3818 972 3860 ex
1002 3809 1375 3861 coniectura.-
1420 3803 1708 3877 obiurgare
1746 3802 1812 3875 T,
1845 3803 2062 3877 Gruter
2251 3803 2467 3876 gravior
2502 3802 2553 3857 T

421 3888 550 3946 440
592 3884 628 3921 '¹‘
661 3887 781 3944 ubi:
813 3904 985 3961 aequo
1022 3888 1109 3944 ubi
1142 3890 1214 3960 F,
1256 3896 1595 3961 corruptum
1628 3903 1707 3944 eoe
1737 3907 1786 3944 v.
1820 3872 1974 3956 4413
2020 3896 2178 3943 torm.
2214 3903 2245 3942 o
2288 3886 2338 3942 d.
2373 3902 2545 3959 aequo

240 3973 342 4030 ubi
384 3976 570 4046 vulqo.
634 3975 710 4029 At
740 3974 824 4046 ef.
871 3992 922 4029 v.
954 3970 1096 4032 438.
1131 3972 1273 4030 443.
1307 3971 1448 4029 447.
1672 3972 1791 4027 441
1841 3972 1932 4027 ubi
1975 3971 2174 4046 dignus
2215 3973 2442 4045 imperat
2478 3972 2541 4042 T,

248 4060 410 4115 unde
438 4062 696 4114 conicias
727 4058 925 4132 dignus
958 4056 1047 4112 ubi
1076 4059 1325 4132 imperat,
1358 4056 1508 4130 digni
1538 4057 1627 4113 ubi
1663 4057 1878 4114 Gruter
2005 4056 2127 4112 442
2175 4074 2226 4112 o.
2258 4014 2544 4129 pulchruni

239 4152 340 4199 est
374 4142 462 4198 ubi
493 4144 860 4217 ignominiose
891 4160 936 4197 S.
969 4143 1042 4214 F,
1074 4145 1393 4199 emendavit
1426 4143 1490 4199 G.
1524 4144 1730 4215 Meyer
1913 4140 2157 4197 occidere
2188 4141 2376 4197 Bothe

238 4246 297 4301 p.
337 4227 431 4283 ubi
461 4244 585 4283 cum
619 4221 913 4301 ignominia
945 4245 987 4281 s,
1024 4228 1239 4283 Gruter
1409 4226 1532 4284 443
1582 4227 1668 4299 Cf.
1703 4246 1752 4283 v.
1789 4226 1910 4283 683
2019 4255 2026 4260 -
2083 4223 2204 4281 444
2250 4226 2365 4280 eius
2399 4224 2544 4280 Gru·

239 4321 347 4370 ter
367 4338 383 4367 .-
427 4331 536 4369 om.
569 4314 642 4384 F,
675 4310 767 4367 ubi
799 4313 889 4385 qui
922 4313 1111 4385 accipit
1142 4313 1444 4368 meminerit
1474 4313 1675 4369 Bothe.
1740 4310 1829 4382 Cf.
1864 4329 1913 4367 v.
1950 4309 2069 4365 624
2269 4307 2392 4365 445
2439 4309 2546 4363 fert

242 4399 447 4455 Bothe
669 4397 791 4453 447
838 4396 1100 4470 periclum
1138 4398 1383 4453 Gruter.-
1425 4395 1723 4471 periculum
1754 4396 1812 4449 F
2022 4389 2058 4426 ‘¹‘
2089 4400 2337 4466 opertum
2369 4393 2543 4466 quod:

246 4482 405 4557 quod
440 4489 696 4556 opertum
727 4483 785 4537 F
993 4480 1114 4538 448
1160 4476 1195 4514 ’¹‘
1225 4498 1346 4537 cum
1380 4498 1432 4537 o.
1465 4500 1519 4555 p.
1550 4488 1776 4558 peccant
1808 4481 1989 4535 ocius:
2035 4495 2154 4534 cum
2185 4496 2239 4551 p.
2274 4494 2324 4533 0.
2356 4495 2545 4552 pacan-

30 4743 393 5150 L
