3209 5184
670 429 756 494 54
1542 442 2088 491 PROLEGOMENA.

681 598 1012 665 vocabulis
1066 602 1174 665 vix
1230 608 1294 664 ct
1336 599 1400 663 vi
1442 596 1610 661 male
1665 597 2100 684 transpositis.
2190 598 2272 662 V.
2319 599 2447 664 380
2490 599 3006 687 acquieverunt?

677 701 958 766 editores
1003 690 1079 764 in‘
1116 700 1436 765 vilissima
1482 699 1748 763 editoris
1794 698 2342 784 Ingolstadiensis
2389 703 2787 768 coniectura:

1082 841 1222 901 Non
1266 844 1373 900 cito
1415 823 1597 900 ruina
1630 843 1784 914 perit
1825 843 1896 909 τῖε,
1941 844 2042 915 qui
2083 844 2299 901 rimam
2339 844 2515 911 timet,

677 1013 824 1054 cum
881 974 1221 1053 bonorum'
1259 987 1556 1052 codicum
1601 989 1926 1074 scriptura
1958 990 2132 1070 perit
2172 990 2308 1069 uir,
2366 989 2650 1055 Parisini
2692 988 2966 1053 alterius

670 1094 945 1176 perdatur,
990 1091 1366 1155 Turicensis
1411 1092 1819 1173 opprimitur,
1876 1089 2149 1154 verbum
2181 1092 2532 1178 'passivum
2575 1090 2778 1155 latere
2822 1090 2967 1154 luce

680 1193 916 1259 clarius
975 1192 1294 1257 ostendat.
1383 1191 1461 1255 In
1525 1212 1597 1255 eo
1647 1190 1947 1276 eligendo
2004 1214 2395 1279 quamquam
2450 1192 2698 1278 ambigi
2751 1201 2971 1280 potest

679 1305 744 1361 et
797 1295 881 1360 ad
942 1294 1235 1359 codicum
1294 1294 1579 1377 vestigia
1632 1294 1930 1379 proxime
1985 1294 2296 1359 accedere
2354 1295 2618 1359 videtur
2649 1297 2969 1378 premitur

679 1397 787 1462 vel
833 1400 1074 1479 teritur,
1127 1394 1630 1483 praeferendum
1674 1404 1893 1459 tamen
1937 1399 2256 1478 opteritur.

848 1499 937 1562 Et
969 1498 1275 1584 quoniam
1305 1498 1374 1560 in
1404 1496 1504 1560 his
1538 1497 2067 1584 compendiorum
2098 1499 2392 1563 minutiis
2427 1520 2782 1580 versamur,
2815 1521 2971 1585 pau-

682 1625 757 1666 ca
801 1602 883 1665 de
927 1600 1305 1687 pronomine
1350 1596 1624 1666 relativo
1670 1608 1735 1662 et
1776 1600 2252 1684 interrogativo
2298 1600 2633 1666 addemus.
2704 1600 2974 1666 Scilicet

681 1706 752 1768 in
797 1703 1023 1768 codice
1057 1701 1120 1766 R
1150 1730 1188 1781 4
1231 1699 1423 1764 modo
1469 1722 1588 1782 quo
1621 1700 1967 1785 significat,
2012 1701 2205 1767 modo
2250 1705 2447 1785 queck
2489 1704 2560 1766 in
2590 1702 2660 1766 F
2695 1725 2852 1767 vero
2890 1708 2984 1785 qzt

681 1812 1052 1871 constanter
1096 1803 1381 1890 positum
1425 1812 1524 1866 est
1567 1824 1684 1888 pro
1731 1804 1909 1884 quod,
1953 1804 2045 1884 qd
2085 1827 2202 1890 pro
2246 1807 2431 1886 quid:
2477 1804 2547 1868 id
2594 1826 2739 1869 cum
2784 1806 2971 1890 igno·

680 1917 855 1973 raret
912 1906 1121 1970 editor
1164 1902 1745 1989 IngolstadiensiS,
1802 1903 2008 1968 falsae
2062 1904 2330 1992 aliquod
2375 1906 2682 1970 lectiones
2727 1905 2812 1969 ab
2857 1905 2975 1971 illo

682 2017 980 2096 receptae
1025 2027 1231 2094 usque
1274 2006 1360 2069 ad
1405 2007 1577 2070 hunc
1617 2005 1791 2090 diem
1836 2015 2234 2092 propagatae
2280 2016 2450 2071 sunt.
2528 2007 2697 2072 Nam
2742 2029 2808 2070 v.
2843 2008 2974 2079 348

1089 2148 1268 2224 Mayc
1311 2149 1479 2217 valet,
1527 2151 1629 2222 qui
1671 2150 1850 2207 nescit
1894 2149 2197 2208 calamitas
2240 2150 2381 2222 quid
2421 2150 2568 2208 valet

684 2320 894 2385 neque
938 2294 1358 2360 Tzschukkii
1412 2296 1785 2360 coniectura
1836 2296 2046 2360 valeat
2085 2304 2350 2382 propter
2392 2304 2668 2360 metrum
2713 2295 2978 2360 admitti

684 2409 923 2487 potest,
971 2408 1036 2462 et
1078 2396 1244 2461 bene
1290 2418 1360 2460 se
1405 2395 1648 2461 habent
1692 2396 1896 2460 verba
1940 2398 2012 2460 in
2040 2396 2110 2460 F
2147 2399 2410 2484 scripta,
2460 2399 2626 2479 quod
2665 2399 2830 2463 valet
2872 2420 2979 2462 ca·

684 2503 958 2580 lamitas‚
1004 2499 1197 2563 modo
1243 2507 1631 2585 transponas
1678 2499 1843 2580 quod
1882 2499 2215 2564 calamitas
2256 2501 2434 2564 valet.
2523 2499 2692 2564 Item
2739 2522 2804 2564 V.
2847 2501 2983 2565 465

1032 2641 1364 2714 Prospicere
1407 2643 1475 2699 in
1506 2658 1654 2713 pace
1698 2645 1930 2713 oportet,
1978 2642 2120 2713 quid
2165 2641 2372 2699 bellum
2417 2643 2570 2701 iuvet

688 2790 856 2871 quod
896 2786 1136 2872 legitur
1179 2789 1248 2851 in
1292 2786 1376 2869 F,
1423 2795 1621 2867 recte,
1668 2787 1926 2872 opinor,
1973 2788 2065 2853 ita
2108 2796 2181 2851 ut
2224 2809 2305 2850 ne
2346 2788 2798 2853 emendatione
2842 2791 2988 2875 qui-

688 2892 838 2955 dem
882 2912 1044 2976 opus
1101 2892 1187 2954 sit
1229 2912 1270 2954 a
1313 2887 1502 2953 nobis
1548 2887 1704 2953 olim
1751 2890 2151 2973 excogitata,
2212 2888 2411 2975 ‘quod
2454 2889 2700 2954 bellum
2746 2889 2984 2954 iubet'.

688 2994 932 3058 Misere
977 2992 1258 3078 denique
1302 2991 1578 3055 detorsit
1621 2989 1797 3053 idem
1840 2989 1952 3053 ille
1997 2991 2209 3055 editor
2251 3013 2515 3055 versum
2555 2992 2684 3057 375

1094 3133 1307 3192 Minus
1347 3150 1516 3206 saepe
1547 3149 1764 3206 pecceS,
1808 3134 1862 3191 si
1901 3134 2053 3192 scias
2096 3134 2247 3206 quod
2289 3136 2529 3203 nescia&

691 3278 1030 3345 inferendo
1076 3280 1245 3362 quid.
1336 3278 1439 3343 Of.
1484 3287 1825 3366 praeterea
1866 3279 2090 3345 adnot.
2133 3279 2218 3344 ad
2263 3302 2327 3344 v.
2373 3280 2478 3344 63.

859 3380 1372 3468 Hemigraphiae
1428 3381 1791 3464 insigniora
1841 3380 2161 3467 quaedam
2206 3380 2506 3468 exempla
2561 3383 2994 3468 proposuisse

693 3482 867 3548 haud
911 3482 1184 3569 pigebit.
1274 3481 1355 3545 In
1399 3502 1597 3571 versu
1639 3482 1763 3547 381

802 3706 815 3717 ·
861 3624 1078 3684 Nullus
1120 3630 1201 3685 est
1243 3629 1445 3684 temtus
1487 3628 1779 3696 quaestus,
1825 3641 2002 3696 quam
2045 3625 2197 3697 quod
2239 3600 2455 3683 habea}-
2487 3643 2746 3698 parcere,

633 3784 639 3790 ·
694 3755 1017 3819 sententia
1062 3755 1324 3840 quidem
1370 3750 1666 3821 constare
1710 3752 1995 3837 videtur,
2043 3776 2269 3819 versus
2314 3778 2447 3819 non
2486 3757 2665 3820 item.
2753 3756 2999 3843 Neque

693 3844 914 3921 tamen
965 3857 1194 3941 negari
1248 3865 1463 3943 potest
1517 3858 1988 3943 negotiatorem
2038 3866 2102 3922 et
2152 3859 2460 3923 maiorem
2515 3858 2731 3923 facere
2788 3879 2996 3944 quae·

692 3969 886 4042 stum,
935 3967 998 4022 et
1039 3959 1289 4023 minore
1333 3957 1553 4023 labore
1599 3969 1664 4024 et
1708 3959 2007 4024 breviore
2051 3969 2362 4046 tempore,
2411 3981 2557 4023 eum
2602 3961 2715 4046 qui
2756 3972 3001 4046 parcat

690 4062 815 4125 hoc
858 4068 1111 4125 tantum
1168 4069 1531 4147 praestare,
1594 4061 1768 4147 quod
1811 4059 2061 4125 nullum
2107 4061 2338 4126 subeat
2381 4061 2772 4149 periculum,
2833 4083 3001 4126 cum

696 4185 907 4250 neque
936 4186 976 4227 a
1005 4161 1479 4249 tranquillitate
1522 4163 1720 4226 maris
1765 4185 1976 4250 neque
2006 4164 2090 4228 ab
2118 4186 2423 4248 agrorum
2457 4162 2797 4228 fertilitate
2827 4186 3000 4250 pen-

698 4266 871 4330 deat.
960 4265 1123 4329 Cum
1167 4264 1371 4350 igitur
1413 4288 1542 4331 non
1584 4274 1820 4350 agatur
1864 4265 1945 4328 de
1980 4265 2431 4351 magnitudine
2464 4274 2794 4352 quaestus,
2840 4269 3004 4330 tan-

698 4372 798 4432 tus
839 4355 1030 4432 haud⁸
1073 4367 1274 4432 dubie
1319 4376 1692 4457 corruptum
1738 4376 1868 4451 est3
1926 4366 2250 4432 Publilius
2295 4377 2514 4432 autem
2559 4368 2823 4453 scripsit
2865 4389 3002 4435 nu-

698 4470 894 4535 meris
936 4469 1320 4535 trochaicis:
