3209 5184
422 543 437 559 x
542 469 620 537 16
1406 484 1953 539 PROLEGOMENA.

538 665 775 709 naceus
832 640 1105 727 saeculis
1129 643 1306 707 noni.
1396 642 1829 708 Continentur
1871 642 1994 708 hoc
2053 641 2221 707 libro
2268 641 2712 709 commentarii
2756 641 2827 708 in

436 748 445 761 ’
539 744 849 832 psalmOS,
895 745 1140 831 scripta
1172 744 1489 831 quaedam
1518 744 1783 828 Isidori,
1815 746 2193 831 Augustini,
2226 744 2637 834 Hieronymi,
2680 768 2824 810 sen-

542 848 790 912 tentiae
821 846 1010 912 Sexti
1056 845 1137 910 de
1181 845 1415 930 graeco
1459 847 1528 911 in
1572 840 1846 912 latinum
1877 846 2229 912 translatae
2261 847 2376 932 (cf.
2408 870 2628 934 opusc.
2661 856 2827 913 sent.

548 958 613 1014 et
656 970 817 1013 mor.
866 948 966 1013 ed.
998 947 1064 1011 J.
1097 946 1289 1011 Conr.
1323 946 1631 1030 Orellius,
1678 946 1807 1014 vol.
1840 950 1894 1014 I.
1939 971 2050 1037 pg.
2080 948 2482 1036 248—253);
2527 949 2829 1015 ultimum

542 1049 823 1137 denique
888 1050 1377 1135 quaternionem
1433 1047 1702 1135 explent
1757 1049 2364 1116 ‘SENTENTIAE
2410 1050 2828 1116 SENECAE

543 1150 1176 1216 PHYLOSOPHI’.
1250 1149 1330 1214 In
1359 1149 1462 1214 his
1492 1151 1836 1216 sententiis
1868 1173 2032 1238 quae
2060 1153 2304 1240 passim
2336 1161 2626 1217 correcta
2655 1161 2828 1232 sunt,

544 1252 856 1340 pleraque
897 1273 1161 1316 manum
1204 1250 1490 1338 produnt
1534 1250 1778 1316 saeculi
1823 1252 1911 1315 X.

709 1355 778 1441 2)
827 1353 1103 1418 Codex
1157 1352 1605 1418 Parisinus‘
1645 1351 1954 1419 latinus
2011 1356 2174 1421 7641
2235 1356 2419 1441 (Pb).
2508 1356 2577 1421 Is
2632 1377 2829 1419 mem-

545 1457 901 1522 branaceus
958 1454 1215 1522 saeculo
1274 1454 1525 1520 decimo
1580 1455 1797 1522 medio
1854 1455 1962 1520 vel
2002 1459 2269 1523 ineunte
2312 1458 2623 1544 scriptus,
2682 1479 2832 1522 con-

540 1559 708 1622 tinet
751 1556 1073 1642 glossaria
1115 1555 1340 1639 latina,
1388 1578 1552 1643 quae
1598 1558 1937 1645 excipiunt
1980 1558 2073 1624 fol
2116 1560 2195 1624 81.
2230 1581 2372 1646 sqq.
2420 1557 2830 1623 ‘SENTEN-

548 1659 770 1724 TIAE
817 1657 1171 1725 SENECE
1203 1640 1477 1723 XLVJ³
1525 1659 1700 1745 (sio).
1790 1659 1921 1723 Hie
1964 1660 2129 1725 liber
2174 1662 2300 1724 etsi
2345 1682 2491 1723 oum
2531 1660 2835 1726 Parisino

545 1760 714 1826 2676
755 1760 848 1824 ita
878 1760 1228 1846 conspirat,
1274 1768 1349 1823 ut
1389 1781 1475 1823 ex
1513 1760 1657 1845 ipso
1699 1760 2066 1847 descriptus
2109 1782 2252 1825 esse
2282 1760 2495 1826 videri
2524 1763 2734 1848 possit
2748 1764 2833 1848 ²⁸²),

551 1862 648 1947 (P
677 1894 761 1916 =
811 1883 1161 1927 consensus
1203 1862 1544 1947 utriusque
1589 1861 1861 1948 codicis)
1908 1864 2148 1928 rectius
2193 1872 2411 1927 tamen
2456 1886 2541 1927 ex
2585 1865 2835 1945 eodem,

552 1986 677 2051 quo
721 1962 928 2046 illum,
974 1962 1154 2028 fonte
1199 1961 1466 2027 ductum
1512 1971 1576 2026 et
1619 1962 1728 2026 vel
1770 1965 2013 2029 maiore
2057 1986 2209 2029 cura
2239 1986 2317 2028 ac
2352 1964 2694 2050 diligentia
2723 1987 2836 2029 ex-

550 2050 805 2130 aratum
858 2085 1001 2129 esse
1047 2063 1257 2128 dicas,
1335 2064 1506 2128 Nam
1549 2062 1973 2150 aliquotiens,
2029 2066 2146 2131 ubi
2192 2064 2412 2135 codex
2441 2067 2834 2154 archetypus

552 2166 881 2253 duplicem
935 2165 1262 2232 obtulerat
1315 2150 1693 2250 lectionem,
1751 2168 2027 2254 scriptor
2071 2166 2315 2233 codicis
2363 2167 2463 2233 Pb
2505 2167 2835 2253 religiose,

549 2292 633 2334 ne
676 2268 888 2334 dicam
934 2270 1174 2355 inepte,
1220 2276 1559 2353 utramque
1602 2267 1973 2356 descripsit,
2018 2278 2092 2334 ut
2120 2292 2186 2333 v.
2218 2271 2293 2335 91
2347 2270 2508 2336 Cum
2552 2271 2669 2335 alii
2710 2272 2836 2334 ini-

554 2374 788 2436 micum
842 2390 1021 2435 nemo
1071 2371 1369 2456 qratiam·
1410 2374 1539 2434 tuto
1591 2371 1754 2435 redit
1795 2372 1914 2436 alii
1956 2372 2212 2438 inimico
2255 2372 2374 2437 alii
2425 2373 2497 2435 in
2535 2373 2834 2455 qratiam,

559 2494 626 2534 v,
679 2472 799 2536 126
844 2470 1112 2536 Dixeris
1162 2471 1493 2535 maledieta
1546 2472 1665 2536 alii
1720 2492 1860 2536 cuni
1912 2474 2238 2554 inyratum
2291 2474 2564 2538 hominis
2606 2474 2840 2538 dixer—is

558 2574 677 2638 alii
719 2577 941 2639 cuneta
986 2573 1103 2637 alii
1145 2573 1473 2651 hominem,
1521 2580 1586 2636 et
1618 2594 1681 2635 v.
1713 2572 1839 2637 336
1883 2573 2267 2655 Malefacere
2311 2576 2422 2658 qui
2462 2576 2609 2654 vult,
2654 2595 2838 2640 num-

561 2695 756 2757 quam
797 2694 927 2739 non
972 2693 1232 2738 eausam
1273 2675 1513 2739 invenit
1555 2673 1674 2738 alii
1716 2694 1975 2739 causam
2016 2696 2365 2759 numquam
2396 2679 2649 2756 invenit,
2700 2677 2837 2763 qui-

560 2776 683 2840 bus
730 2775 888 2841 locis
934 2776 1003 2839 in
1046 2775 1342 2860 margine
1386 2773 1629 2840 codicis
1677 2775 1780 2842 Pa
1825 2776 2265 2864 discrepantia
2307 2779 2668 2865 scripturae
2711 2799 2840 2841 non

561 2887 658 2943 est
702 2876 1148 2963 adnotata**).
1236 2876 1469 2963 Itaque
1514 2877 1664 2942 huic
1709 2899 1962 2965 quoque
2012 2879 2225 2943 codici
2268 2901 2658 2966 quamquam
2703 2899 2840 2943 sae-

699 3083 752 3150 *)
789 3085 943 3135 Inter
983 3084 1323 3150 corruptelas
1358 3086 1577 3150 utrique
1605 3085 1786 3136 codici
1811 3100 2124 3136 communes
2150 3085 2352 3151 dignae
2377 3090 2506 3136 sunt
2531 3101 2672 3150 quae
2698 3101 2843 3136 com·

563 3174 961 3220 memorentur:
998 3165 1022 3218 i
1057 3168 1246 3220 littera
1281 3185 1378 3234 pro
1415 3171 1677 3235 e'posita,
1712 3185 1765 3220 v.
1802 3172 1868 3221 88
1902 3167 2147 3234 imperi&
2181 3172 2281 3221 232
2315 3166 2523 3233 incitis,
2557 3173 2656 3221 313
2690 3167 2844 3220 invo-

555 3251 653 3316 αἱς,
691 3256 795 3305 322
831 3250 998 3316 timit,
1033 3254 1099 3304 48
1132 3250 1378 3316 vindere,
1416 3256 1511 3304 132
1536 3250 1968 3317 diliberandum,
2007 3257 2104 3306 154
2129 3252 2374 3321 effuyire,
2413 3256 2509 3305 185
2533 3250 2843 3304 aduliscen-

554 3335 718 3401 tiam,
764 3340 865 3388 240
900 3335 1310 3400 contumiliam;
1359 3350 1386 3388 e
1419 3353 1516 3404 pro
1552 3335 1577 3387 i
1609 3354 1662 3390 v.
1703 3340 1799 3390 147
1837 3340 2005 3405 coyct,
2056 3341 2153 3389 168
2187 3341 2463 3401 reteneas;
2516 3338 2841 3390 metathesis

566 3422 843 3474 vocalium
891 3423 991 3473 246
1023 3420 1180 3487 filex,
1217 3439 1368 3490 prov.
1420 3424 1516 3472 146
1544 3420 1725 3489 peyit;
1769 3423 2044 3475 vocabula
2091 3425 2231 3476 male
2277 3425 2549 3489 dirempta
2595 3425 2691 3475 155
2735 3435 2843 3474 nus

564 3521 748 3573 quam,
783 3508 883 3558 260
906 3504 1002 3557 sed
1037 3510 1259 3570 amnat;
1297 3509 1521 3573 gravius
1548 3512 1807 3574 corrupta
1843 3510 1907 3559 ’18
1933 3505 2197 3573 deomnes,
2236 3510 2331 3560 18⁷
2355 3521 2479 3575 reye
2500 3506 2651 3560 redet
2673 3520 2843 3574 were,

558 3595 659 3644 209
693 3604 809 3644 non
844 3589 1116 3657 conpossit
1153 3589 1328 3657 queri,
1363 3593 1462 3642 216
1496 3589 1764 3659 furmina,

658 3675 750 3744 **)
785 3676 927 3727 Aliis
974 3681 1163 3728 tamen
1208 3676 1373 3742 locis,
1419 3677 1516 3727 ubi
1559 3677 1890 3744 marginalis
1935 3677 2104 3728 lectio
2150 3680 2259 3728 iam
2300 3679 2354 3728 iu
2393 3677 2580 3729 codice
2617 3676 2710 3728 Pa
2747 3678 2845 3729 ad-

559 3763 770 3827 scripta
816 3767 926 3821 est,
979 3760 1036 3810 in
1072 3757 1161 3812 Pb
1206 3761 1314 3826 ipsi
1349 3764 1663 3812 sententiae
1711 3762 1963 3813 adhaesit
2004 3761 2109 3814 hoc
2152 3763 2337 3814 modo:
2382 3763 2541 3813 Prov.
2577 3764 2645 3812 24
2690 3759 2844 3827 (ante

556 3864 607 3898 v.
660 3845 782 3912 436)
810 3868 815 3875 ·
845 3857 961 3896 non
1015 3841 1137 3896 dico
1191 3842 1290 3910 qui
1342 3841 1393 3896 si
1448 3842 1712 3896 cecideris
1774 3842 1870 3897 sed
1920 3843 1971 3896 si
2025 3843 2350 3898 titubaveris
2404 3844 2501 3912 qui
2557 3843 2846 3909 accideriS,

558 3931 718 3983 Prov.
752 3931 820 3982 26
853 3927 1053 3981 multos
1087 3942 1231 3980 mors
1265 3926 1480 3982 incerta
1517 3926 1616 3994 qui
1641 3928 1897 3994 prevenit
1933 3928 2030 3995 qui
2057 3929 2397 3996 praeveniet,
2433 3932 2596 3982 Prov.
2622 3933 2687 3981 28
2723 3942 2844 3981 ora·

558 4017 726 4067 torem
762 4012 859 4081 qui
896 4011 1103 4080 deputa
1135 4011 1187 4065 si
1222 4052 1235 4065 .
1275 4052 1286 4064 .
1328 4053 1338 4064 .
1368 4012 1719 4080 persuaseris
1763 4012 1862 4081 qui
1895 4017 2122 4080 reputa,
2168 4016 2328 4066 Prov.
2370 4017 2467 4065 114
2502 4012 2650 4066 Swnt
2683 4011 2848 4066 multi

561 4099 658 4166 qui
692 4098 800 4154 alii
824 4097 1081 4165 plurima
1119 4138 1131 4149 .
1171 4139 1184 4151 .
1224 4136 1238 4151 .
1277 4101 1634 4153 contemnunt
1669 4096 1776 4151 alii
1801 4096 2128 4164 plurimum.
2202 4101 2379 4163 Quam
2415 4104 2717 4166 promptum
2754 4101 2846 4164 sit,

560 4186 700 4237 illud
737 4183 836 4252 qui
870 4187 954 4236 ita
989 4186 1362 4252 interpretari,
1398 4192 1460 4237 ut
1495 4186 1640 4237 idem
1676 4185 1868 4237 valeat
1904 4183 2044 4249 quod
2079 4180 2261 4250 aliqui
2294 4183 2386 4236 vel
2411 4181 2659 4250 quidam,
2695 4184 2849 4235 scili-

561 4275 653 4321 cet
700 4271 856 4334 libri,
902 4271 1174 4322 neminem
1220 4276 1373 4322 certe
1421 4271 1589 4337 fugit3
1647 4269 1746 4322 sed
1793 4268 2026 4320 nondum
2074 4285 2107 4319 a
2155 4268 2362 4320 criticis
2410 4267 2846 4321 animadversum

562 4371 685 4407 esse
723 4354 912 4419 credo,
960 4355 1190 4421 praefigi
1234 4357 1459 4423 saepius
1506 4358 1564 4405 in
1601 4354 1886 4406 codicibus
1920 4369 1986 4423 q,
2033 4353 2129 4405 ubi
2166 4353 2233 4404 de
2269 4354 2506 4405 veritate
2542 4352 2847 4418 scripturae

559 4441 670 4491 iam
707 4440 841 4505 ipsis
878 4439 1124 4491 librariis
1159 4456 1270 4491 non
1306 4441 1640 4505 constiterit,
1677 4440 1919 4504 itemque
1955 4438 2014 4488 in
2050 4439 2393 4505 marginibus
2415 4438 2626 4489 variam
2653 4436 2847 4488 lectio·

560 4541 683 4576 nem
713 4523 900 4576 eodem
926 4526 1425 4601 signo‘praeposito
1449 4525 1640 4578 induci
1664 4525 1865 4578 solere.
1939 4524 2066 4576 Scio
2093 4525 2269 4576 multa
2293 4538 2415 4576 esse
2441 4523 2618 4586 signa,
2648 4522 2846 4587 quibus
