3209 5184
512 468 554 534 4
1386 480 1930 534 PnonsooMENA.

513 638 697 704 multi
757 637 998 705 laboris
1019 641 1110 723 *):
1172 638 1336 705 adeo
1394 637 1665 723 vulgare
1720 646 1818 701 est
1875 634 2039 701 illud
2086 635 2234 700 vitii
2277 656 2516 720 genus,
2575 632 2804 719 (hemi-

514 740 858 827 graphiam
928 742 1210 805 dixerim
1278 740 1384 804 vel
1457 735 2025 826 haplographiam)
2089 737 2473 824 praesertim
2536 736 2651 800 ubi
2707 758 2807 800 ra·

513 843 688 907 riora
745 851 896 907 sunt
950 842 1249 925 nomina,
1309 862 1472 928 quae
1530 840 1671 905 loco
1728 838 2190 920 deturbantur,
2257 839 2466 923 magis
2524 846 2678 902 nota
2732 858 2809 900 ac

516 943 693 1026 trita,
744 964 907 1030 quae
952 944 1267 1029 irrepunt,
1316 952 1388 1007 ut
1432 964 1513 1006 ne
1557 941 1627 1005 id
1675 939 1939 1027 quidem
1983 941 2219 1004 mirum
2263 962 2379 1005 nos
2424 939 2665 1004 habere
2698 939 2807 1001 de-

512 1044 700 1127 beat,
747 1067 877 1109 non
918 1067 1047 1109 uno
1094 1043 1252 1125 locO,
1301 1044 1415 1109 sed
1462 1041 1761 1129 pluribus
1807 1040 2108 1106 librarios
2155 1041 2381 1105 eodem
2424 1040 2616 1106 modo
2660 1061 2806 1127 pec-

513 1168 715 1213 casse.
806 1145 995 1227 Quae
1042 1147 1214 1210 enim
1260 1166 1402 1209 esse
1448 1152 1663 1230 potest
1706 1143 2060 1207 auctoritas
2105 1142 2425 1217 codicum,
2474 1142 2807 1206 Ciceronis

514 1248 702 1334 epist.
753 1248 854 1330 12,
892 1248 992 1329 18,
1041 1246 1326 1313 Senecae
1372 1246 1455 1310 de
1499 1254 1711 1331 tranq.
1757 1266 1861 1307 an.
1911 1244 2013 1325 11,
2051 1244 2113 1326 8,
2160 1243 2329 1308 Plin.
2374 1253 2509 1308 nat.
2556 1241 2711 1307 hist.
2743 1242 2804 1325 8,

510 1348 616 1430 51,
657 1349 758 1430 77,
806 1348 1010 1415 Macr.
1059 1348 1193 1413 Sat.
1240 1349 1303 1431 2,
1335 1348 1399 1431 2,
1434 1347 1496 1430 8,
1544 1348 1614 1410 in
1660 1345 1896 1433 quibus
1941 1367 2336 1432 praenomen
2379 1344 2600 1410 Publii
2644 1344 2801 1408 scri-

511 1458 694 1535 ptum
741 1464 884 1514 esse
928 1450 1104 1514 haud
1150 1450 1399 1535 ignoro,
1449 1470 1593 1513 cum
1641 1448 1917 1511 eundem
1963 1456 2223 1533 poetam
2253 1448 2338 1512 ab
2385 1446 2619 1511 iisdem
2649 1447 2805 1509 scri-

514 1550 807 1636 ptoribus
864 1551 1093 1615 audire
1136 1549 1492 1616 Publilium
1555 1570 1753 1636 supra
1811 1547 2321 1614 demonstratum
2369 1547 2502 1613 sit‘?
2572 1548 2805 1635 Itaque
2893 1574 2904 1579 ·

509 1673 592 1715 ne
623 1674 842 1717 eorum
873 1651 1136 1738 quidem
1167 1655 1558 1718 sententiam
1587 1650 1759 1715 tueri
1790 1648 2009 1733 velim,
2054 1653 2165 1736 qui
2194 1659 2539 1736 utrumque
2569 1670 2804 1714 nomen

458 1832 461 1839 Κ
513 1766 575 1817 61;
631 1752 853 1818 Publii
911 1763 974 1818 et
1029 1753 1302 1818 Publilii
1356 1762 1531 1818 recte
1588 1773 1659 1817 se
1714 1750 1955 1814 habere
2007 1752 2135 1814 rati
2191 1762 2450 1839 poetam
2504 1761 2801 1817 nostrum

513 1854 823 1919 Publium
852 1853 1210 1919 Publilium
1254 1855 1977 1943 nominaveruntz‘nam
2021 1854 2197 1940 apud
2240 1853 2488 1918 nullum
2532 1853 2803 1938 scripto-

508 1977 646 2019 rem
690 1955 851 2020 haec
898 1955 1024 2020 duo
1071 1959 1333 2022 nomina
1377 1957 1724 2021 coniuncta
1768 1953 2092 2038 leguntur.

677 2058 781 2121 De
826 2055 1032 2122 altero
1076 2067 1307 2144 poetae
1351 2058 1643 2139 nomine,
1692 2054 1866 2143 quod
1911 2054 2162 2120 Plinius
2208 2079 2272 2119 n.
2319 2055 2382 2120 h.
2430 2056 2547 2139 35,
2595 2058 2635 2137 ξ
2684 2055 2804 2119 199

509 2159 811 2224 tradidit:
866 2158 1219 2225 Publilium
1262 2158 1648 2224 Lochium
1690 2159 1979 2222 mimicae
2020 2177 2281 2222 scaenae
2324 2159 2700 2245 conditorem
2744 2161 2802 2220 et

511 2262 887 2344 astroloyiae
930 2262 1368 2326 consobrinum
1412 2263 1545 2326 eius
1573 2260 1932 2324 Manilium
1960 2258 2361 2337 Antiochum,
2405 2260 2553 2322 item
2571 2277 2799 2343 ,yram-

510 2365 778 2428 matioae
822 2363 1183 2429 Staberium
1227 2362 1486 2427 Erotem
1530 2364 1744 2426 cadem
1786 2381 1946 2425 nave
1990 2361 2270 2425 advectos
2311 2362 2517 2424 videre
2551 2361 2800 2442 proavi,

508 2464 722 2528 adhuc
785 2464 908 2529 sub
953 2463 1171 2528 iudice
1216 2462 1398 2527 litem
1446 2483 1591 2526 esse
1637 2461 1936 2526 lubenter
1980 2462 2311 2526 confiteor.
2402 2459 2656 2541 Quodsi
2701 2462 2808 2524 cui

513 2566 881 2650 contigerit,
927 2574 1000 2629 ut
1046 2563 1225 2628 facili
1266 2562 1521 2627 medela
1556 2584 1640 2627 ex
1672 2563 1916 2629 codicis
1946 2563 2452 2648 Bambergensis
2487 2563 2807 2647 scriptura

510 2686 748 2731 nomen
795 2665 959 2730 illud
1004 2688 1311 2752 graecum
1356 2664 1596 2749 eliciat,
1645 2687 1772 2752 quo
1817 2666 1990 2729 inter
2033 2663 2257 2752 Syros,
2302 2673 2650 2751 antequam
2678 2664 2805 2727 Ro-

511 2790 685 2831 mam
729 2767 1190 2849 adduceretur,
1237 2788 1399 2854 puer
1428 2789 1587 2832 usus
1621 2777 1780 2850 erat,
1828 2776 1942 2832 aut
1987 2768 2044 2832 si
2075 2769 2220 2853 quis
2251 2765 2569 2855 Lochium
2599 2765 2806 2829 fuisse

512 2891 751 2935 nomen
806 2891 1114 2954 graecum
1174 2868 1476 2953 evicerit,
1534 2891 1653 2935 nos
1712 2877 1885 2939 certe
1928 2890 2058 2933 non
2103 2867 2370 2932 habebit
2413 2867 2666 2931 inventi
2708 2867 2804 2929 in-

515 2971 729 3037 vidos·
819 2971 1116 3054 Interim,
1163 2970 1370 3035 donec
1413 2969 1683 3036 meliora
1727 2970 2133 3051 edoceamur,
2178 2968 2463 3034 Plinium
2504 2991 2637 3033 non
2681 2967 2807 3032 Lo-

516 3074 759 3152 chium,
809 3072 925 3137 sed
969 3073 1377 3138 Antiochiam
1422 3062 1766 3159 scripsisse
1811 3071 2318 3155 statuamiis**),
2363 3072 2578 3158 patria
2618 3091 2804 3133 accu-

514 3177 720 3239 ratius
792 3176 1164 3260 significata
1231 3195 1423 3260 quam
1486 3175 1733 3238 factum
1802 3183 1902 3238 est
1965 3195 2004 3236 a
2060 3173 2291 3237 ceteris
2357 3170 2806 3259 scriptoribus,

515 3299 788 3363 quorum
847 3274 1141 3363 exemplo
1198 3285 1456 3362 poetam
1515 3276 1754 3361 Syrum
1816 3276 2275 3361 cognominare
2329 3273 2803 3338 consuevimus.

509 3375 688 3457 Quin
747 3373 944 3442 immo
989 3377 1164 3441 haud
1212 3376 1593 3458 defuerunt,
1651 3378 1762 3463 qui
1808 3376 2131 3441 versiculo
2175 3375 2394 3463 aliquo
2440 3397 2480 3438 a
2524 3374 2802 3440 Caesare

508 3500 593 3542 ex
636 3489 927 3567 tempore
972 3478 1118 3543 fuso
1151 3479 1265 3563 (cf.
1298 3479 1469 3543 infra
1498 3500 1610 3565 pg.
1636 3479 1704 3565 9)
1728 3478 1920 3542 abusi
1962 3500 2109 3541 eum
2150 3477 2538 3565 simpliciter
2566 3476 2804 3564 Syrum

509 3591 846 3661 vocarent,
896 3590 1227 3667 tamquam
1272 3580 1340 3645 id
1387 3602 1622 3645 nomen
1665 3580 1842 3666 apud
1871 3589 2126 3644 veteres
2160 3580 2228 3643 in
2259 3580 2498 3644 iustum
2533 3601 2610 3642 ac
2643 3578 2800 3664 legi·

506 3684 738 3746 timum
785 3682 1160 3765 evaluisset,
1207 3684 1276 3746 in
1323 3705 1450 3769 quo
1493 3704 1627 3746 non
1672 3680 1897 3746 addito
1941 3680 2176 3766 gentili
2214 3682 2628 3768 acquiescere
2655 3702 2804 3767 pos-

620 3832 651 3835 —
734 3831 907 3838 --——-

648 3921 707 3982 *)
747 3920 832 3972 Cf.
872 3922 1005 3972 Tac.
1043 3921 1172 3972 lust.
1212 3923 1265 3985 2,
1303 3924 1369 3973 92
1403 3918 1816 3986 Praeposuerat
1842 3918 2225 3986 praetorianis
2259 3918 2330 3972 P.
2366 3916 2665 3982 Sabinum,
2708 3920 2802 3970 ubi

512 4002 833 4057 Publiliam
870 4004 1271 4056 emendandum
1308 4021 1437 4057 esse
1466 4006 1592 4060 coll.
1629 4006 1756 4057 hist.
1795 4009 1855 4070 3,
1893 4008 1960 4055 36
1993 4002 2306 4077 Pubmiqm
2342 4001 2612 4055 Sabinum
2638 4018 2803 4070 prae·

508 4087 645 4140 torii
683 4085 1027 4154 praefectum
1076 4090 1282 4155 primus
1324 4090 1465 4141 vidit
1511 4090 1788 4141 Halmius.
1858 4090 2018 4157 Apud
2058 4091 2182 4140 Liv.
2224 4093 2312 4151 10,
2347 4092 2409 4151 9,
2445 4093 2477 4140 2
2519 4086 2806 4140 Pubmius

518 4174 759 4225 debetur
795 4174 1088 4235 marcant),
1128 4175 1275 4240 apud
1312 4173 1429 4225 Cic.
1467 4175 1626 4241 epist.
1668 4175 1739 4224 ad
1773 4176 1943 4226 Attic.
1982 4177 2066 4237 12,
2102 4177 2188 4237 24,
2227 4178 2271 4227 1.
2309 4177 2391 4237 12,
2427 4176 2510 4235 28,
2549 4177 2581 4224 2
2613 4175 2803 4236 Bosio,

507 4264 570 4310 ut
605 4258 745 4310 nihil
785 4258 965 4310 dicam
1000 4257 1069 4309 de
1103 4257 1326 4309 Lucilio
1363 4259 1675 4310 sexcenties
1713 4259 1767 4308 in
1805 4260 2038 4309 Lucium
2076 4264 2350 4325 corrupto.

605 4350 693 4416 **)
729 4351 994 4403 Similiter
1040 4351 1186 4417 apud
1231 4352 1486 4403 Tacitum
1524 4354 1618 4414 13,
1658 4353 1688 4401 7
1723 4348 1938 4402 iochum
1986 4353 2252 4418 scriptum
2302 4357 2387 4404 est
2430 4353 2488 4402 in
2522 4352 2800 4413 Mediceo,

514 4440 667 4488 recte
717 4438 776 4487 in
824 4436 1161 4487 editionibus
1206 4433 1557 4486 Antiochum.
1630 4436 1789 4500 Quod
1833 4437 1904 4487 ad
1949 4453 2064 4487 rem
2109 4437 2342 4499 attinet,
2385 4436 2532 4486 haud
2565 4435 2802 4486 absurda

505 4525 591 4572 est
615 4521 937 4571 coniectura
960 4519 1263 4571 Publilium
1294 4520 1469 4571 fuisse
1496 4519 1815 4587 popularem
1843 4521 2103 4585 Archiae,
2136 4521 2204 4571 de
2232 4536 2338 4586 quo
2364 4520 2441 4575 cf.
2468 4521 2616 4571 infra
2639 4537 2728 4586 pg.
2751 4523 2802 4573 9.
