3209 5184
585 499 599 512 .
620 427 744 491 150
1151 439 1423 487 SEPTEM
1472 437 1869 487 SAPIENTUM
1919 435 2379 485 SENTENTIAE.

782 595 1069 659 Demens
1117 590 1416 680 superbis
1461 590 1719 655 invidet
1763 588 2090 653 felicibus,

782 696 1072 759 Demens
1121 692 1411 760 dolorem
1452 692 1627 756 ridet
1670 690 2055 755 infelicium.

783 798 1018 862 Pareto
1064 795 1215 881 legi,
1265 796 1537 881 quisque
1581 793 1794 878 legem
1839 793 2157 856 sanxeris.

785 897 1012 963 Plures
1058 899 1299 963 amicos
1343 917 1414 960 re
1459 895 1745 959 secunda
1791 914 2146 982 comparas

787 1000 1039 1065 Paucos
1084 1000 1328 1064 amicos
1372 998 1567 1062 rebus
1613 995 1912 1060 adversis
1959 995 2224 1083 probas.

1319 1267 1384 1333 3.
1455 1266 1839 1334 Cleobulus
1881 1265 2207 1332 Lindius.

788 1421 1050 1502 Quanto
1095 1419 1240 1508 plus
1287 1420 1501 1502 liceat,
1549 1428 1684 1484 tam
1728 1417 1932 1484 libeat
1977 1418 2215 1482 minus.

786 1524 1115 1589 Fortunae
1157 1522 1451 1586 invidiae
1499 1530 1599 1587 est
1642 1521 1983 1585 inmeritus
2031 1521 2248 1584 miser.

786 1624 981 1688 Felix
1025 1622 1407 1688 criminibus
1452 1646 1586 1688 non
1633 1624 1756 1687 erit
1801 1622 1922 1686 hoc
1967 1621 2103 1686 diu.

786 1727 1099 1811 Ignoscas
1145 1723 1295 1789 aliis
1338 1723 1566 1809 multa,
1614 1722 1779 1788 nihil
1823 1724 1970 1789 tibi.

785 1828 1005 1892 Parcit
1049 1828 1320 1913 quisque
1362 1825 1572 1909 malis,
1620 1824 1893 1913 perdere
1938 1825 2082 1891 vult
2126 1825 2353 1892 bonos.

785 1928 1107 1993 Malorum
1150 1929 1403 1992 meritis
1449 1927 1661 2013 gloria
1705 1950 1836 1993 non
1879 1926 2095 1992 datur.

782 2031 1025 2117 ¹Turpis
1072 2051 1264 2117 saepe
1309 2030 1503 2094 datur
1548 2028 1726 2094 fama
1769 2028 2149 2095 minoribus.

1249 2301 1317 2366 4.
1384 2301 1784 2367 Periander
1833 2301 2279 2368 Corinthius.

790 2454 1161 2540 Numquam
1205 2451 1531 2540 discrepat
1574 2452 1738 2518 utile
1780 2453 1865 2518 ab
1911 2453 2165 2519 decoro,

790 2553 946 2619 Plus
995 2564 1093 2619 est
1138 2553 1453 2619 sollicitus
1500 2556 1709 2639 magis
1755 2553 2008 2620 beatus.

784 2655 1069 2721 Mortem
1115 2665 1339 2742 optare
1384 2655 1649 2740 malum,
1697 2657 1928 2720 timere
1971 2659 2181 2745 peius.

791 2758 1019 2839 Faxis,
1066 2766 1139 2821 ut
1182 2757 1406 2842 libeat,
1455 2759 1627 2845 quod
1675 2769 1772 2824 est
1815 2781 2102 2825 necesse.

795 2859 1023 2925 Multis
1070 2859 1383 2924 terribilis
1430 2862 1658 2926 timeto
1702 2860 1963 2927 multos.

795 2962 867 3027 Si
911 2960 1173 3026 fortuna
1217 2963 1422 3044 iuvat,
1469 2972 1699 3028 caveto
1744 2960 1904 3028 tolli.

795 3063 866 3128 Si
910 3061 1171 3128 fortuna
1216 3071 1418 3145 tonat,
1467 3074 1697 3130 caveto
1741 3066 1972 3149 mergi.

620 3359 704 3415 los
747 3375 843 3433 per
885 3360 1123 3433 quinque
1166 3376 1334 3416 annos
1377 3361 1653 3416 silentium
1697 3359 1891 3417 hahere
1932 3363 2169 3420 iusserit.
2259 3365 2916 3440 Pytha9.ap.1umbl.

620 3443 682 3514 2,
716 3444 790 3500 21
824 3435 1086 3518 γλώσσης
1128 3432 1241 3518 πρὸ
1284 3442 1404 3500 τῶν
1433 3433 1627 3500 ἄλλων
1658 3434 1876 3521 κράτει.
1968 3448 2164 3516 Quare
2194 3451 2482 3507 Ausonius
2511 3450 2918 3525 Pythagoram

624 3547 753 3586 cum
792 3531 1020 3588 Pittaco
1064 3530 1401 3603 confudisse
1444 3533 1684 3588 videtur.
1908 3532 1976 3603 2,
2023 3531 2059 3589 5
2108 3530 2366 3611 quisque]
2411 3538 2472 3592 id
2511 3542 2595 3592 est
2637 3540 2922 3610 quisquis,

623 3618 974 3688 quicunque,
1019 3623 1081 3673 ut
1120 3615 1288 3687 infra
1322 3615 1392 3688 3,
1426 3615 1483 3672 5.
1574 3615 1705 3673 Cod.
1749 3617 2057 3674 Parisinus
2086 3617 2247 3677 4841
2295 3620 2494 3677 Solom‘
2533 3622 2761 3677 tribuit.-
2804 3624 2921 3694 pati

625 3698 803 3772 legem
836 3717 992 3773 quam
1024 3701 1178 3757 alteri
1212 3700 1399 3757 tuleris
1574 3700 1646 3773 2,
1681 3701 1716 3758 6
1763 3719 2040 3776 comparas
2072 3703 2222 3760 BM:
2253 3721 2532 3778 compares
2563 3706 2632 3776 P,
2664 3722 2922 3779 compara

624 3781 725 3922 {330
939 3784 1007 3857 2,
1054 3785 1087 3841 7
1136 3780 1367 3861 paucos]
1399 3786 1586 3859 plures
1623 3786 1667 3843 0
1877 3786 2072 3860 probas
2113 3789 2313 3845 PBM:
2354 3788 2522 3863 proha
2564 3790 2685 3862 Ao,
2715 3789 2920 3864 probes

681 3883 912 3924 rasmus

794 3952 853 4024 3,
889 3953 921 4008 1
984 3953 1152 4009 Walt.
1190 3954 1355 4010 Buri.
1387 3970 1432 4009 S.
1468 3973 1516 4011 υ.
1554 3956 1741 4013 Cleob.
1779 3953 1863 4025 Ὃ.
1895 3974 1951 4030 p.
1983 3956 2129 4030 licet,
2163 3966 2312 4015 tanto
2344 3958 2381 4017 l.
2417 3960 2515 4015 m.'
2659 3960 2720 4031 3,
2754 3959 2790 4015 2
2836 3961 2922 4017 in-

625 4036 791 4093 vidiae
823 4037 906 4092 B.-
937 4036 1129 4094 invidia
1159 4039 1274 4094 PM
1474 4039 1542 4110 3,
1588 4040 1625 4096 3
1673 4040 1855 4097 nullus
1888 4043 1990 4097 erit
2021 4041 2112 4099 diu
2143 4043 2243 4100 ΑΟ
2427 4045 2498 4116 3,
2541 4047 2577 4102 5
2625 4044 2801 4101 bonos
2833 4046 2921 4101 P.-

623 4121 790 4177 malos
825 4123 897 4193 B,
931 4140 1035 4179 om.
1067 4123 1139 4179 M
1299 4123 1530 4196 prodere
1562 4125 1851 4181 Erasmus
2023 4124 2093 4200 3',
2140 4129 2175 4185 6
2223 4129 2393 4185 maior
2423 4130 2639 4185 virtutis
2670 4129 2736 4185 M

792 4206 864 4278 4,
910 4208 942 4262 1
992 4206 1055 4262 ab
1085 4207 1232 4263 PM.-
1263 4225 1290 4263 ιι
1325 4208 1480 4266 ΒΑΘ
1667 4209 1739 4281 4,
1784 4209 1822 4265 4
1871 4210 1951 4268 sac
1980 4213 2123 4268 sicut
2152 4214 2216 4269 M
2407 4212 2479 4285 4,
2524 4213 2561 4270 5
2608 4215 2796 4271 timeto
2829 4216 2924 4271 B.-

620 4297 805 4347 caveto
838 4292 1052 4348 PMAO
1083 4301 1420 4365 corruptum
1451 4311 1529 4352 ex
1559 4313 1607 4352 v.
1644 4310 1760 4368 seq.
1947 4295 2017 4369 4,
2063 4298 2098 4354 6
2144 4306 2331 4355 caveto
2366 4293 2512 4375 tolli]
2547 4298 2679 4355 nihil
2709 4297 2918 4357 laboris

622 4374 1023 4519 lbeffiultum
1053 4377 1253 4434 laboris
1288 4380 1342 4434 B
1510 4379 1571 4450 4,
1607 4379 1641 4435 7
1690 4398 1793 4437 om.
1826 4380 1907 4445 P,
1952 4383 1999 4438 si
2030 4399 2142 4439 non
2172 4382 2387 4439 adiuvat
2417 4384 2525 4441 hoc
2553 4384 2731 4440 minus
2764 4383 2922 4443 labo·

625 4476 700 4515 rls
