<?xml version="1.0" encoding="UTF-8"?>
<!DOCTYPE html PUBLIC "-//W3C//DTD XHTML 1.0 Transitional//EN"
    "http://www.w3.org/TR/xhtml1/DTD/xhtml1-transitional.dtd">
<html xmlns="http://www.w3.org/1999/xhtml" xml:lang="en" lang="en">
 <head>
  <title>
</title>
<meta http-equiv="Content-Type" content="text/html;charset=utf-8" />
  <meta name='ocr-system' content='tesseract 3.04.00' />
  <meta name='ocr-capabilities' content='ocr_page ocr_carea ocr_par ocr_line ocrx_word'/>
</head>
<body>
  <div class='ocr_page' id='page_1' title='image "./publiliisyrisen01martgoog_0074.png"; bbox 0 0 3209 5184; ppageno 0'>
   <div class='ocr_carea' id='block_1_1' title="bbox 645 432 2062 539">
    <p class='ocr_par' dir='ltr' id='par_1_1' title="bbox 645 432 2062 539">
     <span class='ocr_line' id='line_1_1' title="bbox 645 432 2062 539; baseline -0.001 -30"><span class='ocrx_word' id='word_1_1' title='bbox 645 445 727 510; x_wconf 79' lang='lat'><strong>56</strong></span> <span class='ocrx_word' id='word_1_2' title='bbox 1466 432 1475 451; x_wconf 78' lang='lat'>‘</span> <span class='ocrx_word' id='word_1_3' title='bbox 1516 462 2062 539; x_wconf 59' lang='lat' dir='ltr'><strong>ruopsseonENA.</strong></span> 
     </span>
    </p>
   </div>
   <div class='ocr_carea' id='block_1_2' title="bbox 907 620 2637 697">
    <p class='ocr_par' dir='ltr' id='par_1_2' title="bbox 907 620 2637 697">
     <span class='ocr_line' id='line_1_2' title="bbox 907 620 2637 697; baseline 0.001 -16"><span class='ocrx_word' id='word_1_4' title='bbox 907 620 955 680; x_wconf 90' lang='grc' dir='ltr'><em>Ο</em></span> <span class='ocrx_word' id='word_1_5' title='bbox 996 623 1158 682; x_wconf 77' lang='lat' dir='ltr'><strong>dulce</strong></span> <span class='ocrx_word' id='word_1_6' title='bbox 1199 628 1564 691; x_wconf 74' lang='lat' dir='ltr'><strong>tormentum,</strong></span> <span class='ocrx_word' id='word_1_7' title='bbox 1609 640 1788 695; x_wconf 78' lang='lat' dir='ltr'><strong>aequo</strong></span> <span class='ocrx_word' id='word_1_8' title='bbox 1831 623 1936 682; x_wconf 74' lang='lat' dir='ltr'><strong>ubi</strong></span> <span class='ocrx_word' id='word_1_9' title='bbox 1976 624 2313 695; x_wconf 74' lang='lat' dir='ltr'><strong><em>reprimitur</em></strong></span> <span class='ocrx_word' id='word_1_10' title='bbox 2349 623 2637 697; x_wconf 60' lang='lat' dir='ltr'><strong>aaudium</strong></span> 
     </span>
    </p>
   </div>
   <div class='ocr_carea' id='block_1_3' title="bbox 647 750 2945 2671">
    <p class='ocr_par' dir='ltr' id='par_1_3' title="bbox 647 750 2935 1124">
     <span class='ocr_line' id='line_1_3' title="bbox 651 750 2930 839; baseline 0.001 -22"><span class='ocrx_word' id='word_1_11' title='bbox 651 753 931 819; x_wconf 82' lang='lat' dir='ltr'><strong>editores</strong></span> <span class='ocrx_word' id='word_1_12' title='bbox 989 753 1359 817; x_wconf 79' lang='lat' dir='ltr'>inversione</span> <span class='ocrx_word' id='word_1_13' title='bbox 1411 753 1681 816; x_wconf 91' lang='lat' dir='ltr'><strong>minime</strong></span> <span class='ocrx_word' id='word_1_14' title='bbox 1735 750 2103 816; x_wconf 90' lang='lat' dir='ltr'><strong>Publiliana</strong></span> <span class='ocrx_word' id='word_1_15' title='bbox 2160 752 2592 836; x_wconf 73' lang='lat' dir='ltr'><strong>(Tormentum</strong></span> <span class='ocrx_word' id='word_1_16' title='bbox 2650 775 2684 817; x_wconf 88' lang='grc' dir='ltr'><em>ο</em></span> <span class='ocrx_word' id='word_1_17' title='bbox 2729 754 2930 839; x_wconf 74' lang='lat' dir='ltr'><strong>dulce)</strong></span> 
     </span>
     <span class='ocr_line' id='line_1_4' title="bbox 648 853 2935 941; baseline 0 -22"><span class='ocrx_word' id='word_1_18' title='bbox 648 864 854 919; x_wconf 90' lang='lat' dir='ltr'><strong>metro</strong></span> <span class='ocrx_word' id='word_1_19' title='bbox 912 853 1409 935; x_wconf 88' lang='lat' dir='ltr'><strong>consuluerunt,</strong></span> <span class='ocrx_word' id='word_1_20' title='bbox 1466 855 1681 939; x_wconf 90' lang='lat' dir='ltr'><strong>ignari</strong></span> <span class='ocrx_word' id='word_1_21' title='bbox 1735 875 1962 917; x_wconf 85' lang='lat' dir='ltr'><strong>vocem</strong></span> <span class='ocrx_word' id='word_1_22' title='bbox 2020 875 2216 936; x_wconf 76' lang='lat' dir='ltr'><strong>aequo</strong></span> <span class='ocrx_word' id='word_1_23' title='bbox 2268 875 2353 918; x_wconf 84' lang='lat' dir='ltr'><strong>ex</strong></span> <span class='ocrx_word' id='word_1_24' title='bbox 2397 875 2592 919; x_wconf 91' lang='lat' dir='ltr'><strong>versu</strong></span> <span class='ocrx_word' id='word_1_25' title='bbox 2637 857 2935 941; x_wconf 83' lang='lat' dir='ltr'><strong>sequenti</strong></span> 
     </span>
     <span class='ocr_line' id='line_1_5' title="bbox 649 954 2935 1042; baseline 0.001 -23"><span class='ocrx_word' id='word_1_26' title='bbox 649 954 818 1019; x_wconf 91' lang='lat' dir='ltr'><strong>male</strong></span> <span class='ocrx_word' id='word_1_27' title='bbox 873 954 1001 1019; x_wconf 85' lang='lat' dir='ltr'><strong>h&#39;uc</strong></span> <span class='ocrx_word' id='word_1_28' title='bbox 1053 964 1400 1020; x_wconf 83' lang='lat' dir='ltr'><strong>retractam</strong></span> <span class='ocrx_word' id='word_1_29' title='bbox 1458 977 1636 1037; x_wconf 92' lang='lat' dir='ltr'><strong>esse,</strong></span> <span class='ocrx_word' id='word_1_30' title='bbox 1696 977 1823 1041; x_wconf 90' lang='lat' dir='ltr'><strong>qua</strong></span> <span class='ocrx_word' id='word_1_31' title='bbox 1868 954 2081 1019; x_wconf 82' lang='lat' dir='ltr'><strong>deleta</strong></span> <span class='ocrx_word' id='word_1_32' title='bbox 2125 956 2450 1019; x_wconf 84' lang='lat' dir='ltr'><strong>senarium</strong></span> <span class='ocrx_word' id='word_1_33' title='bbox 2492 956 2563 1018; x_wconf 90' lang='lat' dir='ltr'><strong>in</strong></span> <span class='ocrx_word' id='word_1_34' title='bbox 2604 957 2935 1042; x_wconf 88' lang='lat' dir='ltr'><strong>integrum</strong></span> 
     </span>
     <span class='ocr_line' id='line_1_6' title="bbox 647 1056 1509 1124; baseline -0.002 -2"><span class='ocrx_word' id='word_1_35' title='bbox 647 1059 1013 1124; x_wconf 82' lang='lat' dir='ltr'><strong>restituisse</strong></span> <span class='ocrx_word' id='word_1_36' title='bbox 1055 1057 1216 1121; x_wconf 90' lang='lat' dir='ltr'><strong>mihi</strong></span> <span class='ocrx_word' id='word_1_37' title='bbox 1260 1056 1509 1121; x_wconf 88' lang='lat' dir='ltr'><strong>videor.</strong></span> 
     </span>
    </p>

    <p class='ocr_par' dir='ltr' id='par_1_4' title="bbox 649 1157 2944 2572">
     <span class='ocr_line' id='line_1_7' title="bbox 817 1157 2935 1248; baseline 0.001 -25"><span class='ocrx_word' id='word_1_38' title='bbox 817 1158 885 1246; x_wconf 82' lang='lat'><strong>2)</strong></span> <span class='ocrx_word' id='word_1_39' title='bbox 930 1159 1036 1223; x_wconf 92' lang='lat' dir='ltr'><strong>Ad</strong></span> <span class='ocrx_word' id='word_1_40' title='bbox 1084 1157 1533 1246; x_wconf 85' lang='lat' dir='ltr'><strong>prosodiam</strong></span> <span class='ocrx_word' id='word_1_41' title='bbox 1588 1171 1660 1224; x_wconf 89' lang='lat' dir='ltr'><strong>ut</strong></span> <span class='ocrx_word' id='word_1_42' title='bbox 1705 1169 2108 1224; x_wconf 88' lang='lat' dir='ltr'><strong>transeamus</strong></span> <span class='ocrx_word' id='word_1_43' title='bbox 2123 1209 2140 1241; x_wconf 92' lang='lat'><strong>,</strong></span> <span class='ocrx_word' id='word_1_44' title='bbox 2203 1181 2411 1248; x_wconf 86' lang='lat' dir='ltr'><strong>pauca</strong></span> <span class='ocrx_word' id='word_1_45' title='bbox 2459 1163 2741 1247; x_wconf 88' lang='lat' dir='ltr'><strong>primum</strong></span> <span class='ocrx_word' id='word_1_46' title='bbox 2798 1183 2935 1226; x_wconf 90' lang='lat' dir='ltr'><strong>mo-</strong></span> 
     </span>
     <span class='ocr_line' id='line_1_8' title="bbox 650 1261 2938 1349; baseline 0 -24"><span class='ocrx_word' id='word_1_47' title='bbox 650 1262 868 1325; x_wconf 88' lang='lat' dir='ltr'><strong>nenda</strong></span> <span class='ocrx_word' id='word_1_48' title='bbox 922 1270 1075 1326; x_wconf 93' lang='lat' dir='ltr'><strong>sunt</strong></span> <span class='ocrx_word' id='word_1_49' title='bbox 1130 1261 1212 1324; x_wconf 91' lang='lat' dir='ltr'><strong>de</strong></span> <span class='ocrx_word' id='word_1_50' title='bbox 1258 1261 1579 1326; x_wconf 80' lang='lat' dir='ltr'><strong>vocalium</strong></span> <span class='ocrx_word' id='word_1_51' title='bbox 1626 1263 2007 1349; x_wconf 88' lang='lat' dir='ltr'><strong>quantitate.</strong></span> <span class='ocrx_word' id='word_1_52' title='bbox 2096 1261 2184 1326; x_wconf 83' lang='lat' dir='ltr'><strong>Et</strong></span> <span class='ocrx_word' id='word_1_53' title='bbox 2240 1262 2308 1325; x_wconf 91' lang='lat' dir='ltr'><strong>in</strong></span> <span class='ocrx_word' id='word_1_54' title='bbox 2353 1264 2626 1349; x_wconf 88' lang='lat' dir='ltr'><strong>perfecti</strong></span> <span class='ocrx_word' id='word_1_55' title='bbox 2671 1262 2938 1349; x_wconf 89' lang='lat' dir='ltr'><strong>quidem</strong></span> 
     </span>
     <span class='ocr_line' id='line_1_9' title="bbox 652 1361 2939 1452; baseline 0 -25"><span class='ocrx_word' id='word_1_56' title='bbox 652 1385 929 1452; x_wconf 89' lang='lat' dir='ltr'><strong>persona</strong></span> <span class='ocrx_word' id='word_1_57' title='bbox 983 1364 1178 1428; x_wconf 89' lang='lat' dir='ltr'><strong>tertia</strong></span> <span class='ocrx_word' id='word_1_58' title='bbox 1234 1361 1401 1451; x_wconf 89' lang='lat' dir='ltr'><strong>plur.</strong></span> <span class='ocrx_word' id='word_1_59' title='bbox 1450 1365 1563 1448; x_wconf 87' lang='lat'><strong>(-</strong></span> <span class='ocrx_word' id='word_1_60' title='bbox 1605 1363 1819 1450; x_wconf 73' lang='lat' dir='ltr'><strong>erunt)</strong></span> <span class='ocrx_word' id='word_1_61' title='bbox 1864 1385 1895 1428; x_wconf 82' lang='lat' dir='ltr'><strong>e</strong></span> <span class='ocrx_word' id='word_1_62' title='bbox 1949 1364 2187 1449; x_wconf 80' lang='lat' dir='ltr'><strong>corripi</strong></span> <span class='ocrx_word' id='word_1_63' title='bbox 2225 1385 2438 1450; x_wconf 63' lang='lat' dir='ltr'><strong>,posse</strong></span> <span class='ocrx_word' id='word_1_64' title='bbox 2491 1365 2612 1427; x_wconf 83' lang='lat' dir='ltr'><strong>vix</strong></span> <span class='ocrx_word' id='word_1_65' title='bbox 2665 1364 2939 1428; x_wconf 88' lang='lat' dir='ltr'><strong>dubium</strong></span> 
     </span>
     <span class='ocr_line' id='line_1_10' title="bbox 650 1462 2937 1551; baseline -0.001 -21"><span class='ocrx_word' id='word_1_66' title='bbox 650 1465 902 1549; x_wconf 68' lang='lat' dir='ltr'><strong>faciunt</strong></span> <span class='ocrx_word' id='word_1_67' title='bbox 956 1486 1020 1527; x_wconf 83' lang='lat' dir='ltr'><strong>v.</strong></span> <span class='ocrx_word' id='word_1_68' title='bbox 1078 1463 1161 1528; x_wconf 87' lang='grc'><strong>90</strong></span> <span class='ocrx_word' id='word_1_69' title='bbox 1216 1465 1534 1549; x_wconf 48' lang='lat' dir='ltr'><strong>(oderunt)</strong></span> <span class='ocrx_word' id='word_1_70' title='bbox 1605 1474 1668 1529; x_wconf 88' lang='lat' dir='ltr'><strong>et</strong></span> <span class='ocrx_word' id='word_1_71' title='bbox 1724 1462 2026 1550; x_wconf 81' lang='lat' dir='ltr'><strong>exempla</strong></span> <span class='ocrx_word' id='word_1_72' title='bbox 2084 1463 2332 1551; x_wconf 83' lang='lat' dir='ltr'><strong>aliquot</strong></span> <span class='ocrx_word' id='word_1_73' title='bbox 2385 1464 2765 1550; x_wconf 90' lang='lat' dir='ltr'><strong>Vergiliana</strong></span> <span class='ocrx_word' id='word_1_74' title='bbox 2819 1466 2937 1549; x_wconf 91' lang='lat' dir='ltr'><strong>(cf.</strong></span> 
     </span>
     <span class='ocr_line' id='line_1_11' title="bbox 655 1552 2937 1652; baseline 0.001 -23"><span class='ocrx_word' id='word_1_75' title='bbox 655 1566 999 1651; x_wconf 89' lang='lat' dir='ltr'><strong>Forbigeri</strong></span> <span class='ocrx_word' id='word_1_76' title='bbox 1054 1564 1273 1632; x_wconf 86' lang='lat' dir='ltr'><strong>adnot.</strong></span> <span class='ocrx_word' id='word_1_77' title='bbox 1330 1566 1414 1630; x_wconf 90' lang='lat' dir='ltr'><strong>ad</strong></span> <span class='ocrx_word' id='word_1_78' title='bbox 1461 1567 1658 1652; x_wconf 92' lang='lat' dir='ltr'><strong>Verg.</strong></span> <span class='ocrx_word' id='word_1_79' title='bbox 1706 1564 1935 1651; x_wconf 90' lang='lat' dir='ltr'><strong>Eclog.</strong></span> <span class='ocrx_word' id='word_1_80' title='bbox 1980 1567 2055 1647; x_wconf 87' lang='grc'><strong>4,</strong></span> <span class='ocrx_word' id='word_1_81' title='bbox 2102 1566 2247 1650; x_wconf 85' lang='grc'><strong>61),</strong></span> <span class='ocrx_word' id='word_1_82' title='bbox 2305 1567 2398 1630; x_wconf 90' lang='lat' dir='ltr'><strong>ita</strong></span> <span class='ocrx_word' id='word_1_83' title='bbox 2438 1576 2514 1631; x_wconf 89' lang='lat' dir='ltr'><strong>ut</strong></span> <span class='ocrx_word' id='word_1_84' title='bbox 2555 1591 2620 1634; x_wconf 86' lang='lat' dir='ltr'><strong>v.</strong></span> <span class='ocrx_word' id='word_1_85' title='bbox 2665 1567 2790 1632; x_wconf 85' lang='lat'><strong>555</strong></span> <span class='ocrx_word' id='word_1_86' title='bbox 2834 1552 2937 1632; x_wconf 64' lang='lat' dir='ltr'><strong>de*-</strong></span> 
     </span>
     <span class='ocr_line' id='line_1_12' title="bbox 649 1667 2938 1755; baseline -0 -21"><span class='ocrx_word' id='word_1_87' title='bbox 649 1669 1001 1752; x_wconf 57' lang='lat' dir='ltr'><strong>smdtrunt,</strong></span> <span class='ocrx_word' id='word_1_88' title='bbox 1047 1690 1113 1731; x_wconf 88' lang='lat' dir='ltr'><strong>v:</strong></span> <span class='ocrx_word' id='word_1_89' title='bbox 1160 1668 1285 1733; x_wconf 86' lang='lat'><strong>609</strong></span> <span class='ocrx_word' id='word_1_90' title='bbox 1331 1669 1720 1735; x_wconf 67' lang='lat' dir='ltr'><strong>abstulerunt</strong></span> <span class='ocrx_word' id='word_1_91' title='bbox 1770 1690 1810 1732; x_wconf 91' lang='lat' dir='ltr'><strong>a</strong></span> <span class='ocrx_word' id='word_1_92' title='bbox 1853 1667 2161 1755; x_wconf 86' lang='lat' dir='ltr'><strong>prosodia</strong></span> <span class='ocrx_word' id='word_1_93' title='bbox 2204 1669 2576 1755; x_wconf 89' lang='lat' dir='ltr'><strong>impugnari</strong></span> <span class='ocrx_word' id='word_1_94' title='bbox 2617 1691 2748 1734; x_wconf 92' lang='lat' dir='ltr'><strong>non</strong></span> <span class='ocrx_word' id='word_1_95' title='bbox 2787 1691 2938 1755; x_wconf 92' lang='lat' dir='ltr'><strong>pos-</strong></span> 
     </span>
     <span class='ocr_line' id='line_1_13' title="bbox 655 1768 2941 1857; baseline -0 -23"><span class='ocrx_word' id='word_1_96' title='bbox 655 1773 807 1838; x_wconf 87' lang='lat' dir='ltr'><strong>sint.</strong></span> <span class='ocrx_word' id='word_1_97' title='bbox 893 1770 1176 1835; x_wconf 74' lang='lat' dir='ltr'><strong>Alterius</strong></span> <span class='ocrx_word' id='word_1_98' title='bbox 1241 1768 1357 1854; x_wconf 87' lang='lat' dir='ltr'><strong>(cf.</strong></span> <span class='ocrx_word' id='word_1_99' title='bbox 1414 1768 1760 1835; x_wconf 88' lang='lat' dir='ltr'><strong>Ritschelii</strong></span> <span class='ocrx_word' id='word_1_100' title='bbox 1827 1792 2047 1856; x_wconf 91' lang='lat' dir='ltr'><strong>opusc.</strong></span> <span class='ocrx_word' id='word_1_101' title='bbox 2103 1771 2176 1852; x_wconf 86' lang='grc'><strong>2,</strong></span> <span class='ocrx_word' id='word_1_102' title='bbox 2223 1771 2348 1835; x_wconf 87' lang='grc'><strong>662</strong></span> <span class='ocrx_word' id='word_1_103' title='bbox 2403 1769 2574 1857; x_wconf 84' lang='lat' dir='ltr'><strong>sqq.)</strong></span> <span class='ocrx_word' id='word_1_104' title='bbox 2633 1779 2941 1857; x_wconf 89' lang='lat' dir='ltr'><strong>quattuor</strong></span> 
     </span>
     <span class='ocr_line' id='line_1_14' title="bbox 655 1872 2940 1959; baseline -0 -22"><span class='ocrx_word' id='word_1_105' title='bbox 655 1873 815 1937; x_wconf 89' lang='lat' dir='ltr'><strong>locis</strong></span> <span class='ocrx_word' id='word_1_106' title='bbox 860 1873 1173 1954; x_wconf 83' lang='lat' dir='ltr'><strong>occurrit3</strong></span> <span class='ocrx_word' id='word_1_107' title='bbox 1220 1894 1284 1935; x_wconf 84' lang='lat' dir='ltr'><strong>v.</strong></span> <span class='ocrx_word' id='word_1_108' title='bbox 1329 1872 1475 1936; x_wconf 83' lang='grc'><strong>297.</strong></span> <span class='ocrx_word' id='word_1_109' title='bbox 1523 1872 1670 1937; x_wconf 84' lang='grc'><strong>372.</strong></span> <span class='ocrx_word' id='word_1_110' title='bbox 1715 1872 1840 1937; x_wconf 84' lang='grc'><strong>543</strong></span> <span class='ocrx_word' id='word_1_111' title='bbox 1886 1882 2183 1959; x_wconf 89' lang='lat' dir='ltr'><strong>correpta</strong></span> <span class='ocrx_word' id='word_1_112' title='bbox 2224 1876 2278 1952; x_wconf 74' lang='lat' dir='ltr'><strong>i,</strong></span> <span class='ocrx_word' id='word_1_113' title='bbox 2324 1882 2398 1936; x_wconf 87' lang='lat' dir='ltr'><strong>ut</strong></span> <span class='ocrx_word' id='word_1_114' title='bbox 2441 1895 2505 1935; x_wconf 80' lang='lat' dir='ltr'><strong>V.</strong></span> <span class='ocrx_word' id='word_1_115' title='bbox 2551 1872 2637 1936; x_wconf 85' lang='lat'><strong>50</strong></span> <span class='ocrx_word' id='word_1_116' title='bbox 2680 1895 2940 1959; x_wconf 89' lang='lat' dir='ltr'><strong>quoque</strong></span> 
     </span>
     <span class='ocr_line' id='line_1_15' title="bbox 657 1971 2939 2059; baseline 0 -21"><span class='ocrx_word' id='word_1_117' title='bbox 657 1977 922 2038; x_wconf 87' lang='lat' dir='ltr'><strong>eandem</strong></span> <span class='ocrx_word' id='word_1_118' title='bbox 968 1994 1109 2037; x_wconf 90' lang='lat' dir='ltr'><strong>esse</strong></span> <span class='ocrx_word' id='word_1_119' title='bbox 1151 1971 1396 2039; x_wconf 84' lang='lat' dir='ltr'><strong>vocalis</strong></span> <span class='ocrx_word' id='word_1_120' title='bbox 1426 1974 1854 2059; x_wconf 85' lang='lat' dir='ltr'><strong>quantitatem</strong></span> <span class='ocrx_word' id='word_1_121' title='bbox 1894 1974 2037 2037; x_wconf 91' lang='lat' dir='ltr'><strong>iure</strong></span> <span class='ocrx_word' id='word_1_122' title='bbox 2080 1984 2348 2038; x_wconf 88' lang='lat' dir='ltr'><strong>statuas.</strong></span> <span class='ocrx_word' id='word_1_123' title='bbox 2391 2006 2394 2011; x_wconf 95' lang='lat'>·</span> <span class='ocrx_word' id='word_1_124' title='bbox 2441 1975 2602 2053; x_wconf 65' lang='lat' dir='ltr'><strong>Tibi,</strong></span> <span class='ocrx_word' id='word_1_125' title='bbox 2647 1975 2783 2052; x_wconf 60' lang='lat' dir='ltr'><strong>sibi,</strong></span> <span class='ocrx_word' id='word_1_126' title='bbox 2827 1976 2939 2053; x_wconf 71' lang='lat' dir='ltr'><strong>ibi,</strong></span> 
     </span>
     <span class='ocr_line' id='line_1_16' title="bbox 658 2073 2939 2163; baseline -0.001 -22"><span class='ocrx_word' id='word_1_127' title='bbox 658 2077 793 2156; x_wconf 79' lang='lat' dir='ltr'><strong>ubi,</strong></span> <span class='ocrx_word' id='word_1_128' title='bbox 840 2073 1170 2158; x_wconf 85' lang='lat' dir='ltr'><strong>ultimam,</strong></span> <span class='ocrx_word' id='word_1_129' title='bbox 1218 2097 1412 2162; x_wconf 89' lang='lat' dir='ltr'><strong>quam</strong></span> <span class='ocrx_word' id='word_1_130' title='bbox 1455 2076 1864 2160; x_wconf 84' lang='lat' dir='ltr'><strong>grammatici</strong></span> <span class='ocrx_word' id='word_1_131' title='bbox 1908 2076 2258 2163; x_wconf 74' lang='lat' dir='ltr'><strong>ancipitem</strong></span> <span class='ocrx_word' id='word_1_132' title='bbox 2305 2097 2448 2140; x_wconf 89' lang='lat' dir='ltr'><strong>esse</strong></span> <span class='ocrx_word' id='word_1_133' title='bbox 2492 2076 2749 2158; x_wconf 87' lang='lat' dir='ltr'><strong>docent,</strong></span> <span class='ocrx_word' id='word_1_134' title='bbox 2793 2075 2939 2140; x_wconf 87' lang='lat' dir='ltr'><strong>ubi-</strong></span> 
     </span>
     <span class='ocr_line' id='line_1_17' title="bbox 658 2176 2944 2266; baseline -0.001 -24"><span class='ocrx_word' id='word_1_135' title='bbox 658 2200 782 2266; x_wconf 91' lang='lat' dir='ltr'><strong>que</strong></span> <span class='ocrx_word' id='word_1_136' title='bbox 832 2177 1102 2243; x_wconf 88' lang='lat' dir='ltr'><strong>brevem</strong></span> <span class='ocrx_word' id='word_1_137' title='bbox 1147 2177 1421 2260; x_wconf 90' lang='lat' dir='ltr'><strong>habent,</strong></span> <span class='ocrx_word' id='word_1_138' title='bbox 1482 2199 1606 2265; x_wconf 89' lang='lat' dir='ltr'><strong>quo</strong></span> <span class='ocrx_word' id='word_1_139' title='bbox 1664 2177 2014 2241; x_wconf 89' lang='lat' dir='ltr'><strong>concidunt</strong></span> <span class='ocrx_word' id='word_1_140' title='bbox 2057 2176 2408 2242; x_wconf 88' lang='lat' dir='ltr'><strong>nonnullae</strong></span> <span class='ocrx_word' id='word_1_141' title='bbox 2453 2178 2856 2242; x_wconf 89' lang='lat' dir='ltr'><strong>coniecturae</strong></span> <span class='ocrx_word' id='word_1_142' title='bbox 2898 2200 2944 2240; x_wconf 91' lang='lat' dir='ltr'><strong>a</strong></span> 
     </span>
     <span class='ocr_line' id='line_1_18' title="bbox 658 2277 2940 2366; baseline -0.002 -21"><span class='ocrx_word' id='word_1_143' title='bbox 658 2282 819 2345; x_wconf 84' lang='lat' dir='ltr'><strong>viris</strong></span> <span class='ocrx_word' id='word_1_144' title='bbox 866 2280 1072 2344; x_wconf 87' lang='lat' dir='ltr'><strong>doctis</strong></span> <span class='ocrx_word' id='word_1_145' title='bbox 1118 2278 1433 2366; x_wconf 83' lang='lat' dir='ltr'><strong>prolatae.</strong></span> <span class='ocrx_word' id='word_1_146' title='bbox 1518 2279 1771 2344; x_wconf 88' lang='lat' dir='ltr'><strong>Pariter</strong></span> <span class='ocrx_word' id='word_1_147' title='bbox 1814 2282 1929 2343; x_wconf 72' lang='lat' dir='ltr'><strong>cito</strong></span> <span class='ocrx_word' id='word_1_148' title='bbox 1974 2281 2105 2342; x_wconf 92' lang='lat' dir='ltr'><strong>nisi</strong></span> <span class='ocrx_word' id='word_1_149' title='bbox 2145 2278 2333 2344; x_wconf 88' lang='lat' dir='ltr'><strong>brevi</strong></span> <span class='ocrx_word' id='word_1_150' title='bbox 2362 2278 2591 2343; x_wconf 89' lang='lat' dir='ltr'><strong>ultima</strong></span> <span class='ocrx_word' id='word_1_151' title='bbox 2619 2301 2748 2344; x_wconf 91' lang='lat' dir='ltr'><strong>non</strong></span> <span class='ocrx_word' id='word_1_152' title='bbox 2778 2277 2940 2363; x_wconf 90' lang='lat' dir='ltr'><strong>legi-</strong></span> 
     </span>
     <span class='ocr_line' id='line_1_19' title="bbox 657 2379 2943 2465; baseline -0.003 -17"><span class='ocrx_word' id='word_1_153' title='bbox 657 2394 793 2465; x_wconf 85' lang='lat' dir='ltr'><strong>tur,</strong></span> <span class='ocrx_word' id='word_1_154' title='bbox 863 2380 1037 2446; x_wconf 91' lang='lat' dir='ltr'><strong>unde</strong></span> <span class='ocrx_word' id='word_1_155' title='bbox 1091 2380 1328 2446; x_wconf 83' lang='lat' dir='ltr'><strong>falsam</strong></span> <span class='ocrx_word' id='word_1_156' title='bbox 1384 2403 1527 2446; x_wconf 90' lang='lat' dir='ltr'><strong>esse</strong></span> <span class='ocrx_word' id='word_1_157' title='bbox 1596 2379 1879 2445; x_wconf 85' lang='lat' dir='ltr'><strong>efficitur</strong></span> <span class='ocrx_word' id='word_1_158' title='bbox 1934 2380 2196 2445; x_wconf 87' lang='lat' dir='ltr'><strong>Erasmi</strong></span> <span class='ocrx_word' id='word_1_159' title='bbox 2261 2387 2691 2445; x_wconf 88' lang='lat' dir='ltr'><strong>coniecturam</strong></span> <span class='ocrx_word' id='word_1_160' title='bbox 2744 2379 2828 2444; x_wconf 90' lang='lat' dir='ltr'><strong>ad</strong></span> <span class='ocrx_word' id='word_1_161' title='bbox 2872 2403 2943 2443; x_wconf 88' lang='lat' dir='ltr'><strong>v.</strong></span> 
     </span>
     <span class='ocr_line' id='line_1_20' title="bbox 656 2480 2585 2572; baseline -0.003 -22"><span class='ocrx_word' id='word_1_162' title='bbox 656 2485 785 2550; x_wconf 86' lang='lat'><strong>380</strong></span> <span class='ocrx_word' id='word_1_163' title='bbox 823 2483 1243 2572; x_wconf 89' lang='lat' dir='ltr'><strong>propositam.</strong></span> <span class='ocrx_word' id='word_1_164' title='bbox 1333 2482 1436 2548; x_wconf 81' lang='lat' dir='ltr'><strong>Cf.</strong></span> <span class='ocrx_word' id='word_1_165' title='bbox 1481 2491 1814 2569; x_wconf 90' lang='lat' dir='ltr'><strong>praeterea</strong></span> <span class='ocrx_word' id='word_1_166' title='bbox 1855 2480 1942 2545; x_wconf 89' lang='lat' dir='ltr'><strong>ad</strong></span> <span class='ocrx_word' id='word_1_167' title='bbox 1988 2503 2051 2545; x_wconf 88' lang='lat' dir='ltr'><strong>v.</strong></span> <span class='ocrx_word' id='word_1_168' title='bbox 2098 2483 2199 2547; x_wconf 88' lang='grc'><strong>91.</strong></span> <span class='ocrx_word' id='word_1_169' title='bbox 2245 2483 2392 2548; x_wconf 88' lang='grc'><strong>469.</strong></span> <span class='ocrx_word' id='word_1_170' title='bbox 2437 2482 2585 2547; x_wconf 83' lang='lat'><strong>656.</strong></span> 
     </span>
    </p>

    <p class='ocr_par' dir='ltr' id='par_1_5' title="bbox 830 2582 2945 2671">
     <span class='ocr_line' id='line_1_21' title="bbox 830 2582 2945 2671; baseline -0.002 -21"><span class='ocrx_word' id='word_1_171' title='bbox 830 2585 935 2650; x_wconf 88' lang='lat' dir='ltr'><strong>De</strong></span> <span class='ocrx_word' id='word_1_172' title='bbox 978 2583 1251 2671; x_wconf 85' lang='lat' dir='ltr'><strong>syllabis</strong></span> <span class='ocrx_word' id='word_1_173' title='bbox 1305 2584 1630 2671; x_wconf 88' lang='lat' dir='ltr'><strong>positione</strong></span> <span class='ocrx_word' id='word_1_174' title='bbox 1684 2583 1897 2668; x_wconf 91' lang='lat' dir='ltr'><strong>longis</strong></span> <span class='ocrx_word' id='word_1_175' title='bbox 1951 2585 2280 2650; x_wconf 91' lang='lat' dir='ltr'><strong>monuisse</strong></span> <span class='ocrx_word' id='word_1_176' title='bbox 2325 2585 2608 2650; x_wconf 87' lang='lat' dir='ltr'><strong>sufficiat</strong></span> <span class='ocrx_word' id='word_1_177' title='bbox 2651 2582 2945 2648; x_wconf 87' lang='lat' dir='ltr'><strong>vocalem</strong></span> 
     </span>
    </p>
   </div>
   <div class='ocr_carea' id='block_1_4' title="bbox 544 2680 2947 2773">
    <p class='ocr_par' dir='ltr' id='par_1_6' title="bbox 544 2680 2947 2773">
     <span class='ocr_line' id='line_1_22' title="bbox 544 2680 2947 2773; baseline -0.002 -21"><span class='ocrx_word' id='word_1_178' title='bbox 544 2680 561 2687; x_wconf 54' lang='grc'><strong>“</strong></span> <span class='ocrx_word' id='word_1_179' title='bbox 661 2688 927 2752; x_wconf 84' lang='lat' dir='ltr'><strong>brevem</strong></span> <span class='ocrx_word' id='word_1_180' title='bbox 973 2684 1394 2771; x_wconf 88' lang='lat' dir='ltr'><strong>sequentibus</strong></span> <span class='ocrx_word' id='word_1_181' title='bbox 1439 2684 1672 2750; x_wconf 88' lang='lat' dir='ltr'><strong>litteris</strong></span> <span class='ocrx_word' id='word_1_182' title='bbox 1709 2708 1797 2769; x_wconf 74' lang='lat' dir='ltr'><strong>yn</strong></span> <span class='ocrx_word' id='word_1_183' title='bbox 1841 2684 2114 2773; x_wconf 88' lang='lat' dir='ltr'><strong>produci</strong></span> <span class='ocrx_word' id='word_1_184' title='bbox 2127 2688 2214 2770; x_wconf 65' lang='lat'><strong>²³³),</strong></span> <span class='ocrx_word' id='word_1_185' title='bbox 2262 2686 2502 2772; x_wconf 87' lang='lat' dir='ltr'><strong>corripi</strong></span> <span class='ocrx_word' id='word_1_186' title='bbox 2542 2695 2758 2749; x_wconf 87' lang='lat' dir='ltr'><strong>autem</strong></span> <span class='ocrx_word' id='word_1_187' title='bbox 2789 2694 2947 2749; x_wconf 86' lang='lat' dir='ltr'><strong>ante</strong></span> 
     </span>
    </p>
   </div>
   <div class='ocr_carea' id='block_1_5' title="bbox 624 2785 2956 4099">
    <p class='ocr_par' dir='ltr' id='par_1_7' title="bbox 624 2785 2956 4099">
     <span class='ocr_line' id='line_1_23' title="bbox 661 2785 2948 2874; baseline -0 -21"><span class='ocrx_word' id='word_1_188' title='bbox 661 2812 729 2853; x_wconf 75' lang='lat' dir='ltr'><strong>er</strong></span> <span class='ocrx_word' id='word_1_189' title='bbox 773 2797 839 2853; x_wconf 89' lang='lat' dir='ltr'><strong>et</strong></span> <span class='ocrx_word' id='word_1_190' title='bbox 881 2793 957 2852; x_wconf 84' lang='lat' dir='ltr'><strong>tr.</strong></span> <span class='ocrx_word' id='word_1_191' title='bbox 1048 2785 1225 2850; x_wconf 87' lang='lat' dir='ltr'><strong>Hinc</strong></span> <span class='ocrx_word' id='word_1_192' title='bbox 1281 2797 1552 2874; x_wconf 85' lang='lat' dir='ltr'><strong>apparet</strong></span> <span class='ocrx_word' id='word_1_193' title='bbox 1607 2785 1774 2852; x_wconf 88' lang='lat' dir='ltr'><strong>falso</strong></span> <span class='ocrx_word' id='word_1_194' title='bbox 1820 2787 2083 2852; x_wconf 87' lang='lat' dir='ltr'><strong>dedisse</strong></span> <span class='ocrx_word' id='word_1_195' title='bbox 2126 2786 2436 2852; x_wconf 86' lang='lat' dir='ltr'><strong>Bothium</strong></span> <span class='ocrx_word' id='word_1_196' title='bbox 2479 2810 2545 2850; x_wconf 89' lang='lat' dir='ltr'><strong>v.</strong></span> <span class='ocrx_word' id='word_1_197' title='bbox 2590 2787 2714 2852; x_wconf 81' lang='lat'><strong>358</strong></span> <span class='ocrx_word' id='word_1_198' title='bbox 2759 2789 2948 2852; x_wconf 66' lang='lat' dir='ltr'><strong>meri-</strong></span> 
     </span>
     <span class='ocr_line' id='line_1_24' title="bbox 661 2888 2947 2975; baseline -0.002 -19"><span class='ocrx_word' id='word_1_199' title='bbox 661 2894 810 2972; x_wconf 77' lang='lat' dir='ltr'><strong>mis‚</strong></span> <span class='ocrx_word' id='word_1_200' title='bbox 868 2899 1043 2955; x_wconf 88' lang='lat' dir='ltr'><strong>recte</strong></span> <span class='ocrx_word' id='word_1_201' title='bbox 1099 2889 1452 2955; x_wconf 84' lang='lat' dir='ltr'><strong>Gruterum</strong></span> <span class='ocrx_word' id='word_1_202' title='bbox 1505 2911 1571 2952; x_wconf 68' lang='lat' dir='ltr'><strong>r.</strong></span> <span class='ocrx_word' id='word_1_203' title='bbox 1617 2889 1743 2954; x_wconf 85' lang='lat'><strong>353</strong></span> <span class='ocrx_word' id='word_1_204' title='bbox 1799 2891 2095 2954; x_wconf 54' lang='lat' dir='ltr'><strong>meretrix</strong></span> <span class='ocrx_word' id='word_1_205' title='bbox 2150 2900 2214 2953; x_wconf 90' lang='lat' dir='ltr'><strong>et</strong></span> <span class='ocrx_word' id='word_1_206' title='bbox 2268 2909 2436 2975; x_wconf 88' lang='lat' dir='ltr'><strong>quae</strong></span> <span class='ocrx_word' id='word_1_207' title='bbox 2489 2899 2640 2954; x_wconf 90' lang='lat' dir='ltr'><strong>sunt</strong></span> <span class='ocrx_word' id='word_1_208' title='bbox 2684 2888 2947 2953; x_wconf 88' lang='lat' dir='ltr'><strong>similia.</strong></span> 
     </span>
     <span class='ocr_line' id='line_1_25' title="bbox 662 2989 2947 3079; baseline -0.003 -20"><span class='ocrx_word' id='word_1_209' title='bbox 662 2992 846 3059; x_wconf 90' lang='lat' dir='ltr'><strong>Haec</strong></span> <span class='ocrx_word' id='word_1_210' title='bbox 890 3002 954 3058; x_wconf 91' lang='lat' dir='ltr'><strong>et</strong></span> <span class='ocrx_word' id='word_1_211' title='bbox 998 2992 1068 3057; x_wconf 93' lang='lat' dir='ltr'><strong>id</strong></span> <span class='ocrx_word' id='word_1_212' title='bbox 1110 3012 1318 3078; x_wconf 88' lang='lat' dir='ltr'><strong>genus</strong></span> <span class='ocrx_word' id='word_1_213' title='bbox 1361 2990 1511 3074; x_wconf 89' lang='lat' dir='ltr'><strong>alia,</strong></span> <span class='ocrx_word' id='word_1_214' title='bbox 1556 2991 1764 3055; x_wconf 76' lang='lat' dir='ltr'><strong>veluti</strong></span> <span class='ocrx_word' id='word_1_215' title='bbox 1808 2992 2131 3079; x_wconf 85' lang='lat' dir='ltr'><strong>synizesis</strong></span> <span class='ocrx_word' id='word_1_216' title='bbox 2163 3002 2227 3056; x_wconf 91' lang='lat' dir='ltr'><strong>et</strong></span> <span class='ocrx_word' id='word_1_217' title='bbox 2270 3013 2594 3078; x_wconf 84' lang='lat' dir='ltr'><strong>syncopae</strong></span> <span class='ocrx_word' id='word_1_218' title='bbox 2625 2989 2947 3076; x_wconf 84' lang='lat' dir='ltr'><strong>exempla,</strong></span> 
     </span>
     <span class='ocr_line' id='line_1_26' title="bbox 664 3082 2949 3181; baseline -0.002 -21"><span class='ocrx_word' id='word_1_219' title='bbox 664 3097 773 3160; x_wconf 89' lang='lat' dir='ltr'><strong>cui</strong></span> <span class='ocrx_word' id='word_1_220' title='bbox 829 3092 1216 3180; x_wconf 86' lang='lat' dir='ltr'><strong>singillatim</strong></span> <span class='ocrx_word' id='word_1_221' title='bbox 1258 3094 1558 3181; x_wconf 88' lang='lat' dir='ltr'><strong>persequi</strong></span> <span class='ocrx_word' id='word_1_222' title='bbox 1602 3092 1901 3169; x_wconf 90' lang='lat' dir='ltr'><strong>libuerit,</strong></span> <span class='ocrx_word' id='word_1_223' title='bbox 1958 3093 2412 3179; x_wconf 88' lang='lat' dir='ltr'><strong>percommode</strong></span> <span class='ocrx_word' id='word_1_224' title='bbox 2455 3091 2671 3157; x_wconf 90' lang='lat' dir='ltr'><strong>indice</strong></span> <span class='ocrx_word' id='word_1_225' title='bbox 2713 3082 2949 3156; x_wconf 81' lang='lat' dir='ltr'><strong>verbo-</strong></span> 
     </span>
     <span class='ocr_line' id='line_1_27' title="bbox 662 3192 2951 3283; baseline -0.002 -22"><span class='ocrx_word' id='word_1_226' title='bbox 662 3221 806 3262; x_wconf 91' lang='lat' dir='ltr'><strong>rum</strong></span> <span class='ocrx_word' id='word_1_227' title='bbox 848 3198 947 3260; x_wconf 90' lang='lat' dir='ltr'><strong>uti</strong></span> <span class='ocrx_word' id='word_1_228' title='bbox 990 3197 1264 3283; x_wconf 87' lang='lat' dir='ltr'><strong>poterit,</strong></span> <span class='ocrx_word' id='word_1_229' title='bbox 1312 3217 1504 3283; x_wconf 90' lang='lat' dir='ltr'><strong>quem</strong></span> <span class='ocrx_word' id='word_1_230' title='bbox 1550 3195 1823 3265; x_wconf 89' lang='lat' dir='ltr'><strong>editioni</strong></span> <span class='ocrx_word' id='word_1_231' title='bbox 1867 3203 2126 3260; x_wconf 87' lang='lat' dir='ltr'><strong>nostrae</strong></span> <span class='ocrx_word' id='word_1_232' title='bbox 2169 3193 2648 3260; x_wconf 81' lang='lat' dir='ltr'><strong>subiunximus.</strong></span> <span class='ocrx_word' id='word_1_233' title='bbox 2736 3192 2951 3273; x_wconf 74' lang='lat' dir='ltr'><strong>Facili</strong></span> 
     </span>
     <span class='ocr_line' id='line_1_28' title="bbox 664 3295 2948 3385; baseline -0.002 -21"><span class='ocrx_word' id='word_1_234' title='bbox 664 3299 927 3385; x_wconf 82' lang='lat' dir='ltr'><strong>negotio</strong></span> <span class='ocrx_word' id='word_1_235' title='bbox 972 3298 1266 3362; x_wconf 80' lang='lat' dir='ltr'><strong>inveniet</strong></span> <span class='ocrx_word' id='word_1_236' title='bbox 1294 3295 1654 3361; x_wconf 88' lang='lat' dir='ltr'><strong>Publilium</strong></span> <span class='ocrx_word' id='word_1_237' title='bbox 1699 3296 1940 3384; x_wconf 88' lang='lat' dir='ltr'><strong>ubique</strong></span> <span class='ocrx_word' id='word_1_238' title='bbox 1983 3318 2173 3361; x_wconf 88' lang='lat' dir='ltr'><strong>usum</strong></span> <span class='ocrx_word' id='word_1_239' title='bbox 2218 3317 2361 3360; x_wconf 91' lang='lat' dir='ltr'><strong>esse</strong></span> <span class='ocrx_word' id='word_1_240' title='bbox 2394 3295 2600 3360; x_wconf 80' lang='lat' dir='ltr'><strong>forma</strong></span> <span class='ocrx_word' id='word_1_241' title='bbox 2616 3297 2948 3380; x_wconf 77' lang='lat' dir='ltr'><strong>periclum,</strong></span> 
     </span>
     <span class='ocr_line' id='line_1_29' title="bbox 666 3397 2952 3486; baseline -0.003 -20"><span class='ocrx_word' id='word_1_242' title='bbox 666 3398 869 3467; x_wconf 81' lang='lat' dir='ltr'><strong>Gellii</strong></span> <span class='ocrx_word' id='word_1_243' title='bbox 914 3409 979 3464; x_wconf 90' lang='lat' dir='ltr'><strong>et</strong></span> <span class='ocrx_word' id='word_1_244' title='bbox 1021 3399 1413 3486; x_wconf 85' lang='lat' dir='ltr'><strong>optimorum</strong></span> <span class='ocrx_word' id='word_1_245' title='bbox 1457 3397 1754 3463; x_wconf 89' lang='lat' dir='ltr'><strong>codicum</strong></span> <span class='ocrx_word' id='word_1_246' title='bbox 1796 3399 2181 3463; x_wconf 85' lang='lat' dir='ltr'><strong>auctoritate</strong></span> <span class='ocrx_word' id='word_1_247' title='bbox 2225 3397 2624 3481; x_wconf 83' lang='lat' dir='ltr'><strong>confirmata,</strong></span> <span class='ocrx_word' id='word_1_248' title='bbox 2670 3397 2952 3483; x_wconf 91' lang='lat' dir='ltr'><strong>ideoque</strong></span> 
     </span>
     <span class='ocr_line' id='line_1_30' title="bbox 664 3498 2950 3599; baseline -0.002 -31"><span class='ocrx_word' id='word_1_249' title='bbox 664 3506 890 3589; x_wconf 84' lang='lat' dir='ltr'><strong>utique</strong></span> <span class='ocrx_word' id='word_1_250' title='bbox 954 3498 1401 3599; x_wconf 73' lang='lat' dir='ltr'><strong>recipiendam</strong></span> <span class='ocrx_word' id='word_1_251' title='bbox 1470 3500 1679 3565; x_wconf 86' lang='lat' dir='ltr'><strong>fuisse</strong></span> <span class='ocrx_word' id='word_1_252' title='bbox 1744 3498 2100 3566; x_wconf 85' lang='lat' dir='ltr'><strong>Ribbeckii</strong></span> <span class='ocrx_word' id='word_1_253' title='bbox 2175 3501 2617 3565; x_wconf 88' lang='lat' dir='ltr'><strong>coniecturam</strong></span> <span class='ocrx_word' id='word_1_254' title='bbox 2670 3521 2736 3575; x_wconf 78' lang='lat' dir='ltr'><strong>v.</strong></span> <span class='ocrx_word' id='word_1_255' title='bbox 2789 3498 2950 3582; x_wconf 77' lang='lat'>6253</span> 
     </span>
     <span class='ocr_line' id='line_1_31' title="bbox 624 3600 2952 3692; baseline -0.002 -24"><span class='ocrx_word' id='word_1_256' title='bbox 624 3603 943 3688; x_wconf 69' lang='lat' dir='ltr'><strong>»videbit,</strong></span> <span class='ocrx_word' id='word_1_257' title='bbox 991 3603 1115 3669; x_wconf 90' lang='lat' dir='ltr'><strong>etsi</strong></span> <span class='ocrx_word' id='word_1_258' title='bbox 1158 3604 1228 3668; x_wconf 91' lang='lat' dir='ltr'><strong>in</strong></span> <span class='ocrx_word' id='word_1_259' title='bbox 1256 3602 1587 3692; x_wconf 88' lang='lat' dir='ltr'><strong>plerisque</strong></span> <span class='ocrx_word' id='word_1_260' title='bbox 1618 3601 1953 3669; x_wconf 88' lang='lat' dir='ltr'><strong>codicibus</strong></span> <span class='ocrx_word' id='word_1_261' title='bbox 1986 3604 2300 3688; x_wconf 77' lang='lat' dir='ltr'><strong>seripnun</strong></span> <span class='ocrx_word' id='word_1_262' title='bbox 2329 3610 2429 3665; x_wconf 91' lang='lat' dir='ltr'><strong>est</strong></span> <span class='ocrx_word' id='word_1_263' title='bbox 2457 3603 2639 3679; x_wconf 74' lang='lat' dir='ltr'><strong>nihil,</strong></span> <span class='ocrx_word' id='word_1_264' title='bbox 2689 3600 2952 3664; x_wconf 89' lang='lat' dir='ltr'><strong>restitui</strong></span> 
     </span>
     <span class='ocr_line' id='line_1_32' title="bbox 662 3701 2956 3799; baseline -0.003 -28"><span class='ocrx_word' id='word_1_265' title='bbox 662 3716 883 3799; x_wconf 77' lang='lat' dir='ltr'><strong>tamen</strong></span> <span class='ocrx_word' id='word_1_266' title='bbox 941 3705 1249 3771; x_wconf 88' lang='lat' dir='ltr'><strong>debuisse</strong></span> <span class='ocrx_word' id='word_1_267' title='bbox 1292 3706 1388 3771; x_wconf 76' lang='lat' dir='ltr'><strong>nil</strong></span> <span class='ocrx_word' id='word_1_268' title='bbox 1441 3705 1549 3771; x_wconf 84' lang='lat' dir='ltr'><strong>vel</strong></span> <span class='ocrx_word' id='word_1_269' title='bbox 1589 3706 1856 3771; x_wconf 87' lang='lat' dir='ltr'><strong>iubente</strong></span> <span class='ocrx_word' id='word_1_270' title='bbox 1901 3706 2304 3770; x_wconf 85' lang='lat' dir='ltr'><strong>senariorum</strong></span> <span class='ocrx_word' id='word_1_271' title='bbox 2346 3702 2492 3788; x_wconf 91' lang='lat' dir='ltr'><strong>lege</strong></span> <span class='ocrx_word' id='word_1_272' title='bbox 2534 3701 2642 3766; x_wconf 84' lang='lat' dir='ltr'><strong>vel</strong></span> <span class='ocrx_word' id='word_1_273' title='bbox 2685 3711 2956 3790; x_wconf 86' lang='lat' dir='ltr'><strong>propter</strong></span> 
     </span>
     <span class='ocr_line' id='line_1_33' title="bbox 668 3803 2953 3892; baseline -0.003 -20"><span class='ocrx_word' id='word_1_274' title='bbox 668 3808 861 3872; x_wconf 87' lang='lat' dir='ltr'><strong>metri</strong></span> <span class='ocrx_word' id='word_1_275' title='bbox 906 3806 1321 3892; x_wconf 83' lang='lat' dir='ltr'><strong>elegantiam,</strong></span> <span class='ocrx_word' id='word_1_276' title='bbox 1368 3829 1431 3870; x_wconf 88' lang='lat' dir='ltr'><strong>v.</strong></span> <span class='ocrx_word' id='word_1_277' title='bbox 1478 3808 1538 3872; x_wconf 90' lang='grc'><strong>6.</strong></span> <span class='ocrx_word' id='word_1_278' title='bbox 1587 3815 1653 3871; x_wconf 91' lang='lat' dir='ltr'><strong>et</strong></span> <span class='ocrx_word' id='word_1_279' title='bbox 1695 3807 1843 3890; x_wconf 82' lang='grc'><strong>239,</strong></span> <span class='ocrx_word' id='word_1_280' title='bbox 1889 3827 1972 3870; x_wconf 90' lang='lat' dir='ltr'><strong>ne</strong></span> <span class='ocrx_word' id='word_1_281' title='bbox 2015 3808 2086 3871; x_wconf 92' lang='lat' dir='ltr'><strong>in</strong></span> <span class='ocrx_word' id='word_1_282' title='bbox 2128 3803 2429 3869; x_wconf 71' lang='lat' dir='ltr'><strong>versibus</strong></span> <span class='ocrx_word' id='word_1_283' title='bbox 2475 3803 2775 3869; x_wconf 77' lang='lat' dir='ltr'><strong>iambicis</strong></span> <span class='ocrx_word' id='word_1_284' title='bbox 2819 3813 2953 3866; x_wconf 88' lang='lat' dir='ltr'><strong>tres</strong></span> 
     </span>
     <span class='ocr_line' id='line_1_34' title="bbox 670 3905 2955 3997; baseline -0.001 -25"><span class='ocrx_word' id='word_1_285' title='bbox 670 3918 1062 3997; x_wconf 78' lang='lat' dir='ltr'><strong>quattuorve</strong></span> <span class='ocrx_word' id='word_1_286' title='bbox 1105 3907 1355 3995; x_wconf 85' lang='lat' dir='ltr'><strong>dactyli</strong></span> <span class='ocrx_word' id='word_1_287' title='bbox 1386 3920 1861 3974; x_wconf 87' lang='lat' dir='ltr'><strong>concurrerent.</strong></span> <span class='ocrx_word' id='word_1_288' title='bbox 1951 3906 2167 3973; x_wconf 82' lang='lat' dir='ltr'><strong>Simili</strong></span> <span class='ocrx_word' id='word_1_289' title='bbox 2196 3906 2280 3970; x_wconf 92' lang='lat' dir='ltr'><strong>de</strong></span> <span class='ocrx_word' id='word_1_290' title='bbox 2311 3928 2506 3971; x_wconf 88' lang='lat' dir='ltr'><strong>causa</strong></span> <span class='ocrx_word' id='word_1_291' title='bbox 2535 3928 2600 3969; x_wconf 89' lang='lat' dir='ltr'><strong>v.</strong></span> <span class='ocrx_word' id='word_1_292' title='bbox 2634 3908 2670 3970; x_wconf 83' lang='lat'><strong>7</strong></span> <span class='ocrx_word' id='word_1_293' title='bbox 2675 3905 2716 3970; x_wconf 90' lang='grc'><strong>2</strong></span> <span class='ocrx_word' id='word_1_294' title='bbox 2745 3905 2955 3971; x_wconf 89' lang='lat' dir='ltr'><strong>forma</strong></span> 
     </span>
     <span class='ocr_line' id='line_1_35' title="bbox 670 4005 2952 4099; baseline -0.004 -21"><span class='ocrx_word' id='word_1_295' title='bbox 670 4013 826 4092; x_wconf 70' lang='lat' dir='ltr'><strong>nisi,</strong></span> <span class='ocrx_word' id='word_1_296' title='bbox 886 4031 1053 4099; x_wconf 82' lang='lat' dir='ltr'><strong>quae</strong></span> <span class='ocrx_word' id='word_1_297' title='bbox 1096 4008 1380 4074; x_wconf 88' lang='lat' dir='ltr'><strong>librariis</strong></span> <span class='ocrx_word' id='word_1_298' title='bbox 1434 4011 1646 4095; x_wconf 90' lang='lat' dir='ltr'><strong>magis</strong></span> <span class='ocrx_word' id='word_1_299' title='bbox 1689 4020 1845 4073; x_wconf 76' lang='lat' dir='ltr'><strong>nota</strong></span> <span class='ocrx_word' id='word_1_300' title='bbox 1887 4011 1957 4074; x_wconf 91' lang='lat' dir='ltr'><strong>in</strong></span> <span class='ocrx_word' id='word_1_301' title='bbox 2001 4007 2339 4074; x_wconf 87' lang='lat' dir='ltr'><strong>codicibus</strong></span> <span class='ocrx_word' id='word_1_302' title='bbox 2383 4005 2781 4096; x_wconf 79' lang='lat' dir='ltr'><strong>praevaluit,</strong></span> <span class='ocrx_word' id='word_1_303' title='bbox 2838 4028 2952 4070; x_wconf 83' lang='lat' dir='ltr'><strong>ex-</strong></span> 
     </span>
    </p>
   </div>
   <div class='ocr_carea' id='block_1_6' title="bbox 670 4108 2955 4283">
    <p class='ocr_par' dir='ltr' id='par_1_8' title="bbox 670 4108 2955 4283">
     <span class='ocr_line' id='line_1_36' title="bbox 670 4108 2955 4211; baseline -0.003 -31"><span class='ocrx_word' id='word_1_304' title='bbox 670 4111 1081 4211; x_wconf 70' lang='lat' dir='ltr'><strong>terminanda</strong></span> <span class='ocrx_word' id='word_1_305' title='bbox 1124 4110 1251 4177; x_wconf 76' lang='lat' dir='ltr'><strong>fuit</strong></span> <span class='ocrx_word' id='word_1_306' title='bbox 1292 4112 1593 4177; x_wconf 83' lang='lat' dir='ltr'><strong>restituta</strong></span> <span class='ocrx_word' id='word_1_307' title='bbox 1639 4112 1727 4189; x_wconf 76' lang='lat' dir='ltr'><strong>ni,</strong></span> <span class='ocrx_word' id='word_1_308' title='bbox 1774 4110 2132 4198; x_wconf 85' lang='lat' dir='ltr'><strong>eademque</strong></span> <span class='ocrx_word' id='word_1_309' title='bbox 2161 4109 2415 4175; x_wconf 84' lang='lat' dir='ltr'><strong>medela</strong></span> <span class='ocrx_word' id='word_1_310' title='bbox 2445 4108 2955 4177; x_wconf 90' lang='lat' dir='ltr'><strong>commendanda</strong></span> 
     </span>
     <span class='ocr_line' id='line_1_37' title="bbox 671 4215 1039 4283; baseline -0.005 -2"><span class='ocrx_word' id='word_1_311' title='bbox 671 4219 741 4281; x_wconf 94' lang='lat' dir='ltr'><strong>in</strong></span> <span class='ocrx_word' id='word_1_312' title='bbox 786 4241 849 4283; x_wconf 89' lang='lat' dir='ltr'><strong>v.</strong></span> <span class='ocrx_word' id='word_1_313' title='bbox 892 4215 1039 4280; x_wconf 78' lang='lat'><strong>427.</strong></span> 
     </span>
    </p>
   </div>
   <div class='ocr_carea' id='block_1_7' title="bbox 672 4415 2956 4573">
    <p class='ocr_par' dir='ltr' id='par_1_9' title="bbox 672 4415 2956 4573">
     <span class='ocr_line' id='line_1_38' title="bbox 806 4415 2956 4489; baseline -0.002 -15"><span class='ocrx_word' id='word_1_314' title='bbox 806 4420 861 4483; x_wconf 72' lang='lat'><strong>*)</strong></span> <span class='ocrx_word' id='word_1_315' title='bbox 897 4423 961 4474; x_wconf 86' lang='lat' dir='ltr'><strong>V.</strong></span> <span class='ocrx_word' id='word_1_316' title='bbox 988 4424 1088 4473; x_wconf 71' lang='lat'><strong>442</strong></span> <span class='ocrx_word' id='word_1_317' title='bbox 1123 4426 1353 4473; x_wconf 75' lang='lat' dir='ltr'><strong>metrum</strong></span> <span class='ocrx_word' id='word_1_318' title='bbox 1392 4421 1694 4489; x_wconf 73' lang='lat' dir='ltr'><strong>respuebat</strong></span> <span class='ocrx_word' id='word_1_319' title='bbox 1729 4420 1952 4472; x_wconf 71' lang='lat' dir='ltr'><strong>facilem</strong></span> <span class='ocrx_word' id='word_1_320' title='bbox 1987 4422 2391 4473; x_wconf 75' lang='lat' dir='ltr'><strong>coniecturam:</strong></span> <span class='ocrx_word' id='word_1_321' title='bbox 2442 4417 2634 4473; x_wconf 70' lang='lat' dir='ltr'><strong>Occidi</strong></span> <span class='ocrx_word' id='word_1_322' title='bbox 2661 4415 2956 4483; x_wconf 74' lang='lat' dir='ltr'><strong>pulchrum</strong></span> 
     </span>
     <span class='ocr_line' id='line_1_39' title="bbox 672 4502 1501 4573; baseline 0.001 -18"><span class='ocrx_word' id='word_1_323' title='bbox 672 4508 768 4567; x_wconf 64' lang='lat' dir='ltr'><strong>est,</strong></span> <span class='ocrx_word' id='word_1_324' title='bbox 806 4502 899 4556; x_wconf 74' lang='lat' dir='ltr'><strong>ubi</strong></span> <span class='ocrx_word' id='word_1_325' title='bbox 936 4503 1243 4573; x_wconf 71' lang='lat' dir='ltr'><strong>iynome&#39;m&#39;a</strong></span> <span class='ocrx_word' id='word_1_326' title='bbox 1277 4504 1501 4557; x_wconf 69' lang='lat' dir='ltr'><strong>scr-rias.</strong></span> 
     </span>
    </p>
   </div>
  </div>
 </body>
</html>
