3209 5184
913 492 1223 540 PUBLILII
1270 492 1426 541 st
1471 493 1931 542 SENTENTlAE.
2476 480 2559 542 99

257 656 391 712 480
441 646 803 711 Paucorum
852 655 950 709 est
995 645 1393 730 intellegere,
1442 646 1599 732 quid
1648 647 1844 711 donet
1889 646 2053 709 dies.

440 749 735 811 Perenne
780 749 1156 833 coniugium
1198 750 1469 829 animus,
1517 770 1647 813 non
1692 770 1923 835 corpus
1969 748 2149 813 facit.

440 848 767 913 Pereundi
813 851 981 913 scire
1025 860 1281 935 tempus
1324 850 1590 914 assidue
1636 859 1736 914 est
1776 852 1963 914 mori.

441 951 701 1015 Potenti
746 951 944 1016 irasci
987 951 1117 1015 sibi
1159 950 1476 1038 periclum
1523 960 1623 1015 est
1666 974 1997 1038 quaerere.

434 1052 720 1116 Peccare
763 1056 958 1140 pauci
1000 1052 1252 1135 nolunt,
1298 1051 1464 1116 nulli
1505 1054 1828 1118 nesciunt.

260 1164 391 1220 485
440 1155 806 1218 Paucorum
850 1154 1234 1241 improbitas
1279 1155 1605 1217 universis
1653 1153 2010 1221 calamitas·

439 1257 566 1320 Pro
612 1255 891 1319 dominis
936 1278 1206 1342 peccare
1253 1256 1447 1321 etiam
1494 1257 1760 1320 virtutis
1803 1256 1943 1321 loco
1990 1267 2110 1322 est.

439 1356 757 1422 Patiendo
803 1358 1009 1422 multa
1053 1360 1346 1440 veniunt,
1395 1379 1560 1444 quae
1604 1380 1888 1444 nequeas
1934 1361 2093 1445 pati.

400 1459 715 1538 ,Paratae
762 1459 1067 1524 lacrimae
1112 1460 1412 1542 insidiaS,
1459 1481 1588 1523 non
1633 1460 1850 1523 fletum
1891 1460 2204 1525 indicant.

442 1562 790 1625 Peccatum
835 1571 1173 1644 extenuat,
1220 1563 1332 1647 qui
1378 1559 1676 1625 celeriter
1719 1563 2008 1646 corrigit.

264 1671 397 1727 490
445 1663 769 1727 Pudorem
812 1662 1055 1727 habere
1099 1664 1382 1728 servitus
1429 1662 1905 1749 quodammodo
1952 1673 2068 1727 est.

439 1763 603 1829 Pote
650 1814 664 1827 .
715 1813 728 1826 .
780 1814 794 1827 .
841 1765 910 1827 in
953 1764 1250 1829 adversis
1295 1786 1651 1851 numquam
1694 1763 1997 1830 felicitas.

438 1858 789 1929 Prudentis
836 1865 1055 1931 vultus
1102 1868 1297 1930 etiam
1345 1868 1658 1931 sermonis
1704 1865 1845 1931 loco
1892 1877 2011 1931 est.

438 1966 654 2031 Probo
700 1967 1087 2032 beneficium
1132 1970 1244 2054 qui
1289 1968 1424 2051 dat,
1471 1990 1557 2031 ex
1601 1978 1788 2055 parte
1829 1970 2093 2056 accipit.

438 2068 698 2133 Pudore
743 2090 931 2154 quem
977 2091 1107 2133 non
1150 2070 1382 2148 flectiS,
1429 2092 1558 2135 non
1604 2068 1850 2154 frangit
1894 2072 2108 2135 timor.

266 2179 395 2236 495
440 2169 659 2235 Poena
702 2170 1045 2254 allevatur,
1089 2170 1206 2235 ubi
1250 2170 1586 2235 relaxatur
1632 2170 1837 2235 dolor.

441 2271 671 2335 Plures
715 2274 881 2356 tegit
926 2272 1208 2354 fortuna,
1256 2295 1448 2359 quam
1493 2281 1668 2337 tutos
1714 2272 1896 2336 facit.

442 2374 599 2439 Post
643 2373 1074 2437 calamitatem
1121 2376 1432 2438 memoria
1475 2373 1604 2437 alia
1651 2383 1749 2437 est
1795 2373 2149 2439 calamitas

273 2686 541 2729 comens
584 2689 634 2726 V.
669 2668 1031 2728 450—500:
1074 2671 1134 2726 F
1158 2668 1260 2743 (T)

442 2822 567 2880 480
606 2819 642 2856 '¹‘
676 2823 869 2879 donet:
928 2822 1021 2879 det
1060 2823 1144 2893 F,
1191 2823 1277 2877 cui
1324 2821 1417 2877 det
1461 2822 1708 2893 Gruter,
1756 2824 1898 2880 celet
1939 2825 2319 2895 Ribbeckius,
2372 2825 2564 2880 doceat

274 2906 431 2980 (dies)
463 2908 522 2965 0.
555 2908 805 2972 miser,-
850 2908 929 2980 ef.
965 2909 1044 2963 ad
1084 2925 1133 2963 v.
1168 2905 1290 2964 467
1465 2902 1500 2940 *
1532 2906 1646 2962 dies
1691 2911 1763 2962 ct.
1806 2928 1853 2964 v.
1892 2908 2040 2965 137:
2091 2908 2225 2964 deus
2258 2911 2315 2966 F
2340 2907 2562 2981 (eadem

275 2995 608 3063 corruptela
642 3012 691 3049 v.
729 2992 903 3064 632);
950 2992 1105 3047 (lecet
1149 2992 1282 3047 deos
1314 2993 1553 3064 Inqolst.
1743 2992 1879 3055 ,482
1927 3011 1980 3066 p.
2016 3001 2054 3049 t.
2092 3012 2136 3049 s,
2174 3002 2257 3049 est
2288 2994 2425 3048 mori
2457 2993 2562 3049 sre-

276 3078 626 3150 quentissime
663 3078 713 3133 T
875 3076 998 3133 483
1043 3075 1305 3150 periclum
1345 3077 1665 3133 Bentleius:
1709 3077 2009 3150 periculum
2040 3080 2120 3141 F;
2165 3079 2301 3152 petit
2333 3079 2425 3151 qui
2458 3079 2562 3133 ira-

278 3164 446 3217 scitur
485 3162 784 3235 periculum
826 3161 927 3217 sibi
972 3178 1233 3235 generare
1284 3162 1332 3217 T
1497 3160 1624 3216 484
1668 3160 1822 3216 multi
1867 3166 2011 3218 coni.
2061 3163 2277 3219 Gruter
2318 3166 2390 3218 cl.
2428 3163 2564 3218 Sen.

277 3251 438 3318 epist.
463 3247 661 3318 90,46
695 3245 945 3302 ‘multum
978 3247 1205 3301 interest
1236 3254 1415 3301 utrum
1448 3262 1671 3319 peccare
1702 3246 1891 3319 aliquis
1923 3248 2059 3303 nolit
2089 3264 2154 3302 an
2179 3249 2400 3303 nesciat.
2432 3245 2561 3302 etc.'

440 3331 563 3388 485
609 3331 876 3387 calamitas
918 3332 1179 3404 Inqolst..·
1220 3339 1303 3386 est
1344 3331 1441 3386 cal.
1475 3331 1533 3386 F
1699 3329 1820 3387 487
1868 3329 2149 3406 patiendo]
2195 3331 2284 3404 Cf.
2332 3351 2378 3388 v.
2416 3331 2556 3389 238.

281 3415 420 3473 535.
510 3416 764 3472 Patientia
798 3416 859 3471 G.
892 3416 1126 3488 Meyer,
1158 3415 1410 3490 patiendo
1444 3433 1514 3470 m.
1550 3415 1691 3470 haud
1722 3434 1768 3470 v.
1804 3416 2007 3490 Mdhty
2186 3416 2310 3472 488
2356 3416 2561 3471 luctum

278 3501 462 3557 Bothe
648 3499 770 3556 489
819 3502 912 3574 qui
952 3500 1017 3556 de
1071 3500 1217 3556 brevi
1260 3502 1605 3556 commissum
1651 3501 1987 3557 commendat
2030 3499 2159 3574 (leq.
2204 3499 2470 3572 emendat)
2519 3501 2569 3556 T

440 3584 567 3643 490
613 3585 703 3657 Cf.
737 3584 859 3641 583
1073 3585 1191 3642 491
1242 3593 1373 3660 pote
1417 3589 1506 3642 vel
1545 3592 1730 3658 potest
1774 3627 1787 3640 .
1836 3628 1848 3639 .
1893 3590 2134 3658 scripsi.-
2189 3593 2373 3658 potest
2412 3585 2561 3640 ultus

279 3672 346 3742 F,
388 3678 725 3743 corruptum
767 3685 847 3727 ex
877 3688 928 3725 v.
961 3669 1115 3738 4923
1160 3672 1302 3743 perit
1333 3671 1505 3725 omnis
1537 3669 1772 3742 Miihly,
1817 3671 2058 3742 potentia
2089 3672 2322 3744 Inyolst.
2356 3671 2563 3744 patiens
2605 3692 2610 3697 ·

279 3756 549 3812 Pithoeus
674 3754 695 3761 “
741 3754 863 3811 492
910 3754 1192 3829 prudentis
1236 3755 1414 3809 vultus
1458 3758 1606 3811 coni.
1658 3754 1898 3810 Gruter.-
1953 3754 2207 3829 prudenti
2247 3754 2449 3809 stultus
2492 3756 2564 3826 F,

279 3839 534 3913 prudenti
574 3839 759 3894 vultus
804 3841 993 3896 Bothe
1172 3840 1292 3895 loco
1341 3847 1425 3895 est
1468 3843 1615 3897 coni.
1664 3839 1910 3895 Gruter.-
1956 3842 2107 3895 iocus
2150 3847 2234 3895 est
2276 3841 2355 3903 F,·
2401 3840 2483 3911 cf.
2516 3858 2565 3895 v.

281 3925 399 3983 486
571 3923 697 3980 494
744 3919 778 3957 '¹²
810 3924 1020 3998 pudore
1054 3940 1210 3996 quem
1241 3941 1351 3979 non
1385 3924 1554 3980 flectis
1590 3922 1879 3998 (flectas?):
1925 3925 2101 3998 pudor
2133 3942 2184 3998 q.
2213 3941 2266 3981 n.
2300 3923 2468 3979 flectit
2489 3925 2564 3994 F,

280 4026 332 4081 p.
366 4027 417 4083 q.
452 4009 637 4064 nullus
672 4007 840 4064 flectit
871 4008 1104 4080 Mc'ihly,
1146 4025 1200 4081 p.
1235 4026 1287 4081 q.
1321 4026 1431 4064 non
1461 4009 1694 4064 reflectit
1725 4009 1932 4080 Bothe,
1963 4026 2016 4082 p.
2052 4025 2427 4082 quemcunque
2456 4025 2566 4064 non

282 4094 467 4165 nectit,
500 4093 715 4168 frangat
748 4101 786 4148 t.
824 4093 1056 4150 Gruter.
1136 4092 1224 4166 Cf.
1256 4099 1305 4149 i).
1339 4092 1483 4165 553,
1516 4110 1701 4165 supra
1724 4113 1825 4167 1²9·
1862 4093 1941 4150 58
1976 4101 2029 4149 et
2066 4095 2292 4149 Terent.
2326 4091 2564 4164 Adelph.

286 4180 338 4250 1,
371 4180 427 4250 1,
458 4177 538 4235 32
583 4178 819 4233 ‘Pudore
861 4186 915 4233 et
957 4177 1277 4233 liberalitate
1318 4176 1517 4233 liberos
1548 4176 1803 4234 Retinere
1846 4180 2014 4232 satius
2058 4194 2179 4232 esse
2210 4176 2373 4232 credo
2405 4193 2562 4250 quam

282 4265 463 4319 metu.'
637 4262 761 4318 495
807 4263 1067 4319 allevatur
1099 4263 1342 4319 Gruter.-
1387 4263 1597 4318 levatur
1628 4264 1685 4318 F
1848 4262 1938 4317 ubi
1968 4262 2238 4317 relaxatur
2264 4259 2564 4318 Halmius:

284 4346 365 4402 ubi
394 4348 604 4403 laxatur
635 4348 707 4418 F,
744 4355 870 4402 tunc
901 4347 992 4403 ubi
1021 4348 1056 4404 l.
1091 4351 1256 4421 vulqo
1442 4347 1567 4404 496
1615 4348 1749 4421 legit
1779 4348 1966 4403 Bothe
2147 4345 2275 4401 facit
2304 4345 2565 4418 Inyolst..·

282 4431 432 4527 faciat
461 4434 518 4488 F
653 4429 831 4524 '497-
855 4432 1132 4497 Menand.
1163 4432 1409 4489 Monost.
1441 4431 1564 4488 435
1596 4418 1668 4486 οὗ
1711 4419 1822 4509 χρὴ
1854 4425 2058 4507 φέρειν
2097 4422 2168 4485 τά
2199 4423 2469 4505 πρόσθεν
2501 4422 2586 4512 ἐν.

280 4534 477 4596 μνημῃ
508 4535 685 4572 uana.

2082 4609 2155 4663 ’με
