3209 5184
1135 460 1680 509 rRoLEGOMENA.
2483 448 2567 538 53

508 789 646 873 VI.
745 787 866 871 De
925 787 1244 871 Publilii
1307 789 1702 874 sententiis
1769 727 2307 895 emendandis.

428 987 525 1050 Ut
557 986 723 1051 Cato
754 987 1036 1073 primum
1065 990 1307 1052 oratori
1336 998 1755 1075 praeceptum
1785 991 2125 1076 proposuit
2167 990 2354 1055 ‘Rem
2385 1001 2557 1075 tene,

254 1088 465 1152 verba
509 1095 914 1174 sequentur',
961 1090 1054 1153 ita
1096 1090 1378 1176 primum
1422 1091 1635 1154 critici
1678 1091 1969 1155 officium
1999 1100 2118 1173 est,
2165 1095 2558 1157 sententiam

251 1201 580 1278 spectare,
629 1200 695 1254 et
738 1190 898 1277 quid
943 1190 1074 1254 dici
1120 1191 1450 1272 debuerit,
1500 1192 1661 1278 quid
1703 1194 2013 1280 potuerit,
2061 1193 2221 1280 quid
2265 1217 2398 1260 non
2440 1219 2554 1284 po-

249 1294 490 1375 tuerit,
560 1291 1064 1377 diligentissime
1134 1293 1569 1358 considerare.
1661 1293 1842 1358 Solet
1907 1304 2126 1358 tamen
2179 1296 2354 1363 haud
2411 1297 2557 1362 leve

246 1393 571 1457 accedere
625 1393 1128 1477 adminiculum,
1200 1417 1346 1458 cum
1403 1394 1576 1482 quod
1633 1418 1831 1459 unum
1888 1397 2227 1484 scriptoris
2287 1398 2556 1466 consilio

244 1496 655 1582 respondere
698 1498 1135 1583 perspexeris,
1166 1484 1252 1560 'id
1281 1507 1456 1560 recte
1487 1518 1557 1561 se
1588 1497 1828 1562 habere
1873 1500 2374 1583 argumentis
2419 1523 2553 1587 pa-

246 1597 861 1684 laeographicis
923 1596 1031 1660 vel
1098 1599 1463 1662 metricis
1531 1596 1639 1660 vel
1706 1621 1799 1679 ex
1868 1598 2199 1677 dicendi
2263 1623 2554 1686 genere

243 1701 545 1788 petitis
603 1699 1015 1785 comprobari
1068 1699 1297 1786 possit.
1390 1698 1804 1786 Quamquam
1852 1701 2054 1785 igitur
2098 1701 2224 1768 duo
2270 1702 2549 1790 plerum-

243 1823 383 1889 que
437 1800 545 1865 vel
598 1799 786 1888 plura
845 1803 1042 1897 etiam
1084 1802 1332 1865 indicia
1377 1800 1770 1865 emendandi
1816 1803 1988 1865 viam
2034 1813 2429 1889 monstrant,
2489 1816 2553 1870 et

237 1902 531 1967 alterum
575 1925 692 1990 per
735 1925 805 1967 se
849 1920 978 1968 non
1022 1905 1182 1968 satis
1227 1912 1477 1967 certum
1505 1901 1774 1966 alterius
1803 1903 2053 1969 auxilio
2085 1905 2359 1989 indiget,
2405 1906 2542 1993 pla-

240 2006 391 2070 cuit
433 2015 657 2069 tamen
700 2006 973 2069 seorsim
1019 2003 1277 2089 singula
1324 2026 1621 2091 quaeque
1667 2005 2086 2093 perlustrare.

429 2107 498 2189 1)
541 2106 814 2188 Libros,
871 2106 1046 2170 unde
1103 2106 1358 2170 codices
1405 2128 1445 2169 a
1487 2106 1677 2171 nobis
1736 2106 1958 2172 collati
1989 2107 2333 2196 'descripti
2378 2120 2548 2194 sunt,

238 2211 387 2273 iam
431 2209 612 2295 ipsos
675 2207 911 2272 litteris
963 2207 1445 2293 longobardicis
1506 2218 1806 2274 exaratos
1864 2208 2099 2291 fuisse,
2157 2208 2548 2297 frequentis-

240 2312 419 2373 sima
462 2307 831 2373 litterarum
873 2333 910 2373 ν
955 2320 1019 2373 et
1060 2331 1094 2375 s
1137 2310 1432 2374 confusio
1465 2309 1830 2375 luculenter
1860 2309 2284 2376 demonstrat.
2359 2312 2546 2381 Ridi-

238 2411 396 2476 cula
457 2432 662 2497 paene
716 2410 973 2476 librarii
1028 2411 1574 2496 Rheinaugiensis
1632 2413 1701 2476 in
1756 2434 1826 2476 re
1883 2434 2088 2500 prava
2149 2415 2546 2480 constantia:

238 2515 367 2600 qui
409 2535 559 2576 cum
602 2536 668 2579 v,
707 2515 781 2577 17
825 2535 1057 2592 sic-mor,
1111 2513 1187 2577 18
1217 2516 1578 2594 extorqucsi,
1629 2513 1712 2579 86
1741 2516 1815 2579 in
1855 2535 1919 2579 sc
1963 2516 2246 2594 adversa,
2296 2515 2399 2580 88.
2443 2515 2545 2581 91.

238 2616 355 2680 96.
408 2615 548 2679 123.
600 2615 743 2678 131.
795 2615 915 2678 18Ο
970 2613 1212 2679 similia
1269 2617 1674 2702 scripsisset,
1736 2638 1892 2680 mox
1945 2614 2277 2682 intellecto
2333 2638 2549 2684 errore

237 2740 335 2780 ex
368 2715 712 2802 Charybdi
757 2717 825 2778 in
860 2715 1146 2803 Scyllam
1175 2716 1471 2780 incidens
1505 2719 1830 2781 contraria
1859 2717 2329 2783 vocabulorum
2360 2742 2540 2786 mon·-

235 2830 386 2882 stra
428 2815 724 2903 protulit,
771 2839 851 2909 vL
874 2819 993 2881 138
1036 2820 1264 2896 obcrrc,
1317 2818 1435 2882 188
1478 2820 1644 2891 ruba
1685 2824 1909 2901 spectas,
1956 2819 2075 2884 251
2121 2821 2375 2901 hortem,
2421 2822 2549 2887 254

236 2922 656 2997 criminora,⁸
689 2918 816 2983 256
860 2919 1227 2984 calamitoro
1274 2927 1395 2982 etc.
1487 2919 1710 2999 Quare
1765 2921 1834 2983 in
1887 2942 2084 2986 versu
2127 2922 2249 2986 527
2297 2923 2367 2986 in
2389 2922 2548 2988 ‘solo

238 3021 422 3086 Fris.
471 3030 732 3085 servato

450 3238 475 3256 Ι
585 3164 699 3237 Qui
730 3166 868 3235 pote
910 3164 1213 3257 consilium
1252 3163 1469 3238 fuycrc,
1513 3182 1715 3237 sapere
1757 3166 1910 3224 idem
1942 3169 2134 3238 potest

233 3319 441 3374 aucta
484 3309 918 3396 oppositionis
966 3310 1036 3372 vi
1065 3307 1509 3395 reponendum
1544 3311 2074 3376 existimavimus
2094 3334 2336 3395 rapere.
2404 3313 2543 3379 Cfr.

236 3412 444 3477 Caec.
478 3410 667 3475 Balb.
698 3434 764 3496 p.
794 3411 899 3492 38,
933 3413 1315 3475 occasionem
1358 3433 1489 3476 non
1530 3415 1749 3495 accipi,
1795 3414 1906 3477 scd
1946 3416 2097 3495 rapi
2142 3415 2370 3495 debere,
2391 3415 2541 3480 ·.Jul.

234 3513 529 3601 Capitol.
556 3508 563 3511 ’
586 3512 769 3576 Max.
831 3522 895 3576 et
950 3510 1141 3576 Balb.
1180 3513 1242 3595 2
1295 3515 1561 3579 consilia
1614 3515 1926 3597 rapienda
1977 3535 2106 3579 non
2162 3519 2542 3600 quaerenda,

231 3615 406 3679 Hor.
456 3613 671 3701 Epod.
726 3615 823 3694 13,
867 3614 931 3676 4.
980 3612 1132 3678 Sen.
1181 3615 1370 3700 epist.
1419 3615 1524 3697 70,
1570 3616 1675 3680 24.

416 3714 615 3796 Quod
659 3715 748 3778 ad
792 3717 1154 3802 scripturae
1199 3715 1582 3803 compendia
1625 3718 1893 3798 attinet,
1955 3716 2269 3804 plurimas
2314 3720 2542 3788 turbas

230 3820 454 3883 movit
495 3838 671 3903 apex
712 3816 857 3898 ille,
906 3839 1031 3904 quo
1074 3815 1335 3904 syllaba
1378 3841 1459 3882 ur
1503 3819 1937 3904 significatur,
1986 3842 2090 3889 ex.
2134 3843 2235 3905 gr.
2282 3823 2541 3889 v.-423.

230 3919 446 3984 Haud
503 3941 652 3983 raro
708 3919 913 4004 igitur
969 3920 1275 4005 passivae
1321 3919 1669 3984 verborum
1711 3920 1958 3987 formae
2003 3934 2339 3988 cesserunt
2381 3925 2539 3989 acti·

230 4024 380 4103 viS,
440 4031 554 4085 aut
606 4022 879 4085 activae
924 4043 1147 4084 rursus
1194 4021 1589 4109 depravatae
1635 4033 1787 4087 sunt
1831 4025 1901 4086 in
1944 4026 2275 4110 passivas,
2337 4025 2541 4091 veluti

229 4147 297 4188 v-
348 4123 501 4186 478.
547 4123 697 4188 448.
786 4121 1155 4210 Aliquoties
1201 4146 1283 4188 ur
1333 4123 1501 4188 abiit
1543 4124 1613 4188 in
1656 4126 1764 4188 uir
1813 4123 1921 4188 vel
1963 4128 2051 4191 ui.
2141 4126 2224 4190 V.
2269 4128 2392 4191 521
2440 4127 2536 4192 vi-

226 4227 415 4290 tiosa
471 4223 717 4290 codicis
762 4223 835 4287 F
870 4227 1194 4311 scriptura
1248 4227 1631 4309 “continyibur
1680 4226 1837 4289 inde
1880 4236 2021 4291 orta
2065 4248 2208 4291 esse
2253 4227 2534 4311 videtur,

228 4325 424 4414 quod
465 4327 538 4388 in
579 4319 937 4413 archetypo
983 4328 1301 4413 scriptum
1343 4327 1472 4392 fuit

700 4484 864 4561 Quod
904 4486 1001 4544 via·
1043 4487 1338 4562 cominqit,
1382 4488 1440 4544 vi
1479 4488 1828 4561 voluptatem
1858 4489 2044 4561 parit,
