3209 5184
1306 1421 1591 1507 Incerti
1647 1421 1988 1552 auctoris
2049 1420 2273 1524 liber,

1072 1557 1207 1670 qui
1267 1557 1508 1669 vulgo
1572 1555 1854 1641 dicitur
1916 1560 2015 1641 de
2076 1555 2455 1641 moribus.
2477 1554 2520 1606 '¹‘

739 1767 794 1823 1.
843 1760 1054 1825 Omne
1097 1764 1437 1844 peccatum
1479 1756 1649 1820 actio
1697 1764 1824 1839 est,
1871 1756 2043 1820 actio
2076 1763 2298 1820 autem
2328 1757 2536 1820 omnis
2568 1754 2952 1824 voluntaria

840 1871 938 1926 est
980 1869 1115 1925 tam
1144 1859 1418 1924 honesta
1447 1879 1641 1945 quam
1670 1858 1913 1945 turpis:
1962 1878 2115 1942 ergo
2149 1855 2589 1923 voluntarium
2621 1868 2719 1924 est
2749 1882 2951 1925 omne

838 1970 1196 2049 peccatum.
1286 1959 1525 2024 Tollite
1570 1959 2088 2024 excusationem:
2132 1979 2322 2024 nemo
2367 1969 2595 2047 peccat
2637 1961 2917 2027 invitm.

735 2071 793 2127 2.
840 2063 1164 2128 Educatio
1198 2070 1261 2125 et
1292 2059 1642 2148 disciplina
1671 2081 1882 2125 mores
1916 2059 2186 2144 faciunt,
2230 2069 2294 2125 et
2322 2061 2408 2125 ad
2438 2061 2511 2126 id
2539 2062 2710 2127 vivit
2738 2085 2948 2127 unus-

842 2168 1146 2253 quisque,
1209 2160 1383 2249 quod
1440 2160 1694 2227 didicit.
1785 2162 2018 2248 Itaque
2070 2162 2243 2228 bona
2299 2162 2716 2227 consuetudo⁴
2742 2184 2948 2227 excu-

841 2277 981 2333 tere
1037 2264 1267 2347 debet,
1327 2262 1501 2350 quod
1555 2262 1727 2328 mala
1771 2264 2106 2328 instruxit.
2196 2262 2375 2327 Bene
2418 2261 2715 2350 loquere,
2773 2263 2952 2330 bene

846 2367 1070 2432 facias,

740 2479 801 2540 3.
846 2466 1032 2533 Nihil
1074 2468 1366 2550 interest,
1415 2489 1541 2555 quo
1585 2469 1804 2532 animo
1849 2466 2077 2549 facias,
2132 2466 2305 2552 quod
2348 2466 2584 2531 fecisse
2629 2468 2952 2533 vitiosum

762 2579 767 2588 '
843 2579 964 2654 est,
1011 2571 1163 2657 quia
1234 2569 1409 2634 facta
1453 2577 1825 2651 cernuntur,
1872 2568 2125 2633 animus
2170 2588 2325 2644 vero
2354 2589 2486 2633 non
2514 2567 2796 2634 videtur.

739 2679 800 2736 4.
846 2669 1046 2735 Nulla
1078 2670 1306 2756 (enim)
1337 2669 1478 2735 laus
1526 2678 1628 2734 est
1654 2691 1787 2735 non
1817 2669 2053 2752 facere,
2101 2669 2274 2757 quod
2303 2669 2517 2734 facere
2545 2693 2677 2736 non
2706 2670 2948 2759 possis.

737 2783 794 2840 5.
843 2772 1022 2854 Quid
1067 2781 1167 2837 est
1209 2771 1455 2836 homini
1500 2769 2080 2836 inimicissimum?
2126 2769 2292 2836 alter
2335 2772 2545 2836 homo.

741 2883 796 2940 6.
844 2874 1160 2939 Libenter
1189 2873 1383 2956 ferae,
1410 2873 1582 2961 quod.
1615 2895 1882 2939 necesse
1912 2881 2040 2937 est:
2073 2872 2257 2938 dolor
2286 2873 2605 2959 patientia
2633 2875 2946 2940 vincitur.

820 3083 855 3120 ’¹‘
885 3084 1077 3142 LIBER
1108 3083 1404 3140 SENECAE
1437 3086 1599 3141 codd.
1626 3083 1883 3157 Sanqall.
1913 3083 2028 3138 141
2058 3081 2190 3155 (Ga)
2221 3092 2275 3139 et
2296 3082 2417 3142 238
2439 3079 2564 3161 (ab)
2593 3100 2749 3141 saec.
2777 3091 2945 3159 noni,

658 3175 859 3230 collati
887 3190 923 3228 a
956 3170 1092 3227 Car.
1130 3170 1468 3227 Schenkelio
1500 3167 1773 3243 (Beitrage
1804 3185 1901 3224 zur
1930 3166 2100 3224 Kritik
2132 3167 2227 3224 des
2260 3168 2492 3241 Seneca,
2530 3169 2721 3241 1864,
2756 3188 2808 3244 p.
2843 3171 2952 3244 39)

656 3256 727 3329 (G
757 3280 841 3303 ==
873 3257 1275 3329 Sanqallensis
1315 3251 1616 3327 uterque),
1658 3252 2030 3308 PROVERBIA
2073 3251 2367 3309 SENECAE
2410 3255 2534 3310 cod.
2570 3254 2744 3312 Paris
2776 3254 2944 3312 7581

656 3357 812 3399 saec.
844 3342 905 3396 X
933 3337 1051 3416 (S),
1098 3337 1291 3394 LIBER
1332 3336 1627 3395 SENECAE
1669 3336 1750 3392 DE
1790 3336 2257 3393 INSTITVTlONE
2303 3336 2539 3394 MORVM
2585 3341 2707 3396 eod.
2741 3338 2943 3397 Paris,

654 3431 756 3484 lat.
792 3425 851 3483 S.
903 3426 1039 3480 Viet.
1076 3422 1228 3496 672,
1273 3439 1429 3479 saec.
1467 3422 1599 3479 XII
1626 3418 1762 3497 (V),
1802 3421 1995 3496 Incipit
2027 3422 2268 3478 eiusdem
2295 3422 2363 3479 de
2396 3409 2635 3480 mci-ihus
2668 3424 2749 3480 vel
2782 3425 2948 3482 disci-

657 3512 800 3586 plina
845 3526 942 3566 seu
984 3508 1153 3566 libero
1196 3507 1416 3565 arbitrio
1460 3509 1583 3565 cod.
1628 3506 1820 3562 Paris.
1861 3509 1964 3562 lac.
2011 3506 2174 3565 8027
2218 3523 2375 3565 saec.
2410 3507 2504 3566 XI
2522 3507 2594 3580 V,
2638 3508 2696 3564 L.
2740 3510 2947 3566 Annaei

658 3598 893 3653 Senecae
943 3593 1079 3651 liber
1128 3594 1196 3650 de
1239 3593 1508 3666 moribus»,
1558 3593 1613 3648 in
1662 3608 1771 3666 quo
1813 3590 2123 3647 notabiliter
2162 3598 2216 3647 et
2261 3592 2541 3668 eleganter
2583 3594 2717 3649 vitae
2759 3610 2946 3650 mores

658 3689 871 3737 enarrat
913 3681 1038 3737 cod.
1081 3678 1270 3735 Paris.
1315 3680 1413 3735 lat.
1460 3677 1658 3752 6391,
1711 3675 1911 3733 Seneca
1954 3675 2022 3732 de
2066 3674 2305 3733 moribus
2349 3679 2438 3735 vel
2480 3681 2739 3734 similiter
2781 3681 2947 3735 codd.

661 3766 852 3822 Paris.
884 3766 987 3821 lat.
1023 3763 1186 3822 6395
1218 3762 1298 3834 A,
1343 3763 1538 3835 6379,
1584 3762 1782 3834 6380,
1829 3759 2025 3834 6384,
2059 3760 2258 3833 6395,
2294 3761 2489 3833 7329,
2522 3760 2720 3833 8545,
2753 3761 2946 3834 8546,

661 3848 857 3921 8552,
895 3851 1161 3921 plerique
1201 3863 1358 3904 saec.
1402 3847 1575 3919 XIV,
1623 3849 1747 3904 cod.
1792 3846 2022 3902 Monac.
2066 3848 2169 3902 lat.
2219 3846 2426 3904 17290
2465 3862 2622 3904 saec.
2656 3848 2780 3904 XV

665 3936 696 3990 1
746 3932 833 4006 Cf.
867 3933 1091 3990 Seneca
1123 3935 1285 4003 episc.
1322 3931 1423 4002 66,
1457 3931 1533 3989 16
1566 3930 1761 3988 ‘Omne
1793 3932 2082 3987 honestum
2112 3929 2473 3987 voluntarium
2503 3930 2632 3988 est’.
2780 3931 2817 3987 2
2865 3934 2949 3989 ἰη-

661 4011 887 4094 struxit]
920 4016 1182 4074 incussit?
1226 4014 1563 4072 introduxit?
1740 4014 1828 4087 Cf.
1866 4016 2006 4071 Sall.
2043 4014 2164 4071 Cat.
2197 4015 2256 4088 3,
2293 4017 2323 4071 1
2361 4013 2522 4072 ‘hene
2554 4016 2763 4088 facere,
2805 4016 2950 4074 bene

661 4101 881 4161 dicere'.
968 4103 1108 4158 Bene
1140 4100 1296 4156 decet
1326 4100 1497 4174 loqui,
1529 4098 1666 4156 bene
1697 4099 1854 4156 decet
1885 4099 2059 4156 facere
2091 4102 2214 4156 cod.
2248 4100 2440 4157 Paris·
2471 4101 2653 4172 6379,
2687 4103 2760 4158 al.
2791 4105 2946 4159 unde

663 4190 926 4246 Haasius
956 4186 1096 4243 Bene
1139 4185 1299 4242 docet
1340 4185 1521 4259 loqui,
1567 4186 1657 4260 qui
1689 4183 1825 4241 bene
1855 4184 2015 4240 docet
2046 4184 2218 4242 facere
2390 4184 2426 4242 3
2473 4186 2737 4242 Laetam.
2770 4189 2948 4244 instit.

666 4275 721 4344 3,
760 4273 834 4330 15
868 4272 1056 4346 ‘Atqui
1086 4270 1217 4327 nihil
1247 4271 1282 4326 i.
1320 4288 1369 4344 q.
1402 4285 1447 4326 a.
1482 4270 1518 4326 Γ.
1552 4287 1604 4343 q.
1639 4269 1678 4325 Γ.
1712 4287 1760 4325 ν.
1794 4277 1896 4340 est,
1930 4287 1982 4342 q.
2018 4269 2055 4326 Γ.
2092 4288 2137 4327 c.
2169 4286 2215 4327 a.
2247 4287 2358 4327 non
2388 4270 2461 4324 v.'
2591 4269 2630 4325 4
2676 4270 2949 4329 Luceant.

662 4360 836 4414 instit.
871 4358 929 4430 6,
963 4355 1042 4413 23
1074 4354 1255 4411 ‘Nulla
1284 4356 1456 4429 igitur
1485 4354 1523 4410 l.
1557 4363 1642 4411 est
1672 4371 1726 4410 n.
1760 4354 1796 4408 Γ.
1834 4371 1886 4427 q.
1923 4354 1959 4413 Γ.
1996 4373 2046 4413 n.
2068 4354 2147 4428 p.’
2264 4355 2301 4412 5
2352 4354 2442 4427 Cf.
2475 4354 2765 4412 Ausonius
2788 4356 2951 4428 Sept.

665 4459 791 4513 sap.
827 4448 968 4499 sent.
1005 4441 1062 4512 1,
1097 4440 1152 4496 2.
1229 4439 1595 4496 Anacharsis
1625 4457 1719 4513 ap.
1754 4439 1903 4496 Scob.
1934 4441 2065 4511 flor.
2100 4438 2160 4512 2,
2191 4437 2292 4496 43.
2424 4440 2460 4496 6
2510 4440 2678 4497 Sexti
2702 4440 2951 4515 Pythay.

671 4532 816 4583 sene.
851 4525 968 4582 111
1003 4523 1239 4598 (opusc.
1272 4531 1415 4582 sent.
1451 4532 1504 4582 et
1533 4543 1672 4582 mor.
1705 4526 1791 4582 ed.
1830 4522 1922 4582 Or.
1956 4523 1996 4582 I
2002 4566 2016 4598 ,
2049 4541 2151 4599 pq.
2187 4522 2332 4598 254)
2372 4521 2498 4581 ‘Fer
2540 4524 2686 4599 quod
2723 4541 2950 4583 necesse
