3209 5184
654 429 740 494 54
1526 440 2071 490 PROLEGOMENA.

665 598 996 666 vocabulis
1050 602 1158 665 viae
1215 607 1278 663 et
1320 598 1384 663 vi
1426 594 1594 660 male
1650 596 2084 682 transpositis.
2174 596 2255 660 V.
2303 597 2432 662 380
2475 597 2994 684 acquieverunt,

661 701 943 767 editores
988 690 1063 764 in'
1101 699 1421 764 vilissima
1466 697 1732 762 editoris
1778 696 2326 782 Ingolstadiensis
2373 700 2772 765 coniectura:

1067 840 1137 899 N
1131 859 1207 900 on
1251 843 1357 899 cito
1400 822 1581 899 ruina
1615 842 1768 912 perit
1809 841 1879 907 is,
1925 842 2027 913 qui
2067 841 2283 900 rimam
2324 842 2499 909 timet,

663 1012 809 1055 cum
866 972 1207 1054 bonorum'
1245 985 1541 1051 codicum
1587 987 1911 1072 scriptura
1943 988 2116 1069 perit
2156 987 2293 1067 uir,
2350 987 2636 1053 Parisini
2679 986 2952 1052 alterius

656 1094 930 1177 peritur,
975 1089 1351 1155 Turicensis
1396 1090 1804 1172 opprimitur,
1861 1087 2131 1151 verbum
2179 1090 2516 1175 passivum
2560 1088 2763 1152 latere
2806 1088 2954 1152 luce

666 1193 901 1259 clarius
961 1191 1279 1257 ostendat.
1369 1190 1446 1254 In
1511 1211 1584 1254 eo
1632 1188 1931 1274 eligendo
1989 1212 2379 1277 quamquam
2435 1190 2684 1276 ambigi
2735 1200 2958 1277 potest

665 1305 730 1361 et
781 1294 868 1359 ad
928 1293 1221 1359 codicum
1279 1292 1565 1377 vestigia
1618 1292 1916 1378 proxime
1971 1291 2281 1356 accedere
2339 1292 2604 1356 videtur
2634 1295 2957 1376 premitur

666 1398 773 1463 vel
820 1399 1060 1479 teritur,
1114 1392 1614 1483 praeferendum
1660 1402 1879 1457 tamen
1923 1397 2241 1476 opteritur.

834 1499 923 1564 Et
954 1497 1261 1585 quoniam
1291 1497 1360 1560 in
1390 1495 1490 1559 his
1524 1494 2054 1582 compendiorum
2082 1497 2377 1560 minutiis
2412 1517 2767 1579 versamur,
2800 1517 2958 1582 pau-

668 1626 743 1667 ca
788 1601 868 1665 de
913 1600 1291 1688 pronomine
1336 1596 1609 1665 relativo
1656 1605 1719 1660 et
1762 1598 2238 1682 interrogativo
2283 1598 2619 1663 addemus.
2690 1597 2962 1664 Scilicet

667 1707 737 1770 in
784 1703 1009 1768 codice
1043 1701 1106 1766 R
1136 1730 1174 1781 4
1217 1699 1408 1764 modo
1455 1721 1574 1781 quo
1606 1698 1953 1784 significat,
1998 1699 2190 1765 modo
2236 1702 2432 1782 quod‚·
2475 1702 2547 1764 in
2576 1700 2646 1764 F
2680 1723 2834 1765 vero
2875 1706 2971 1783 qd

668 1813 1039 1872 constanter
1081 1803 1367 1890 positum
1412 1811 1510 1865 est
1553 1823 1669 1888 pro
1717 1802 1894 1884 quod,
1939 1802 2031 1882 qd
2071 1825 2188 1888 pro
2232 1804 2418 1884 qaid:
2463 1801 2534 1865 id
2580 1824 2724 1867 cum
2770 1804 2959 1888 igno-

668 1917 840 1975 raret
899 1905 1107 1970 editor
1150 1902 1731 1988 IngolstadiensiS‚
1788 1901 1994 1966 falsae
2049 1902 2316 1990 aliquod
2361 1903 2669 1968 lectiones
2713 1903 2798 1967 ab
2842 1903 2962 1969 illo

668 2017 966 2096 receptae
1010 2027 1217 2093 usque
1261 2004 1346 2069 ad
1392 2006 1565 2069 hunc
1602 2004 1777 2089 diem
1823 2014 2220 2091 propagatae
2267 2014 2437 2069 sunt.
2514 2005 2683 2070 Nam
2729 2027 2792 2069 v.
2828 2006 2961 2077 348

1075 2148 1255 2224 Maye
1298 2149 1466 2217 valet,
1514 2150 1616 2221 qui
1658 2148 1837 2206 nescit
1881 2148 2184 2206 calamitas
2227 2148 2367 2220 quid
2408 2148 2555 2206 valet

671 2319 881 2385 neque
925 2294 1344 2359 Tzschukkii
1400 2295 1772 2359 coniectura
1823 2295 2033 2360 valeat
2072 2304 2336 2381 propter
2377 2303 2656 2358 metrum
2701 2292 2965 2358 admitti

672 2408 911 2489 potest,
959 2408 1023 2462 et
1067 2397 1232 2461 bene
1278 2418 1348 2460 se
1391 2395 1635 2461 habent
1680 2396 1883 2460 verba
1928 2397 1999 2460 in
2027 2395 2097 2459 F
2134 2397 2397 2482 scripta,
2447 2397 2614 2477 quod
2653 2397 2815 2462 valet
2856 2419 2965 2460 ca-

672 2504 945 2581 lamitas,
991 2498 1185 2564 modo
1231 2507 1618 2584 transponas
1665 2498 1830 2579 quod
1869 2498 2202 2562 calamitas
2243 2499 2421 2563 valet.
2510 2498 2681 2563 Item
2726 2520 2790 2562 v,
2834 2498 2969 2564 465

1019 2641 1352 2715 Prospicere
1398 2642 1463 2699 ἰη
1494 2657 1642 2712 pace
1686 2643 1918 2712 oportet,
1965 2640 2107 2712 quid
2152 2640 2360 2698 bellum
2404 2641 2558 2699 iuvet

676 2791 843 2871 quod
884 2786 1125 2872 legitur
1167 2788 1236 2851 in
1280 2786 1364 2869 F,
1411 2794 1609 2866 recte,
1656 2786 1914 2871 opinor,
1961 2787 2052 2850 ita
2096 2795 2169 2852 ut
2211 2808 2293 2849 ne
2334 2786 2785 2852 emendatione
2828 2789 2971 2874 qui-

676 2892 825 2955 dem
871 2912 1032 2977 opus
1089 2892 1175 2954 sit
1217 2912 1258 2954 a
1301 2887 1490 2953 nobis
1536 2886 1694 2952 olim
1739 2889 2140 2972 excogitata,
2200 2887 2399 2973 ‘quod
2442 2887 2688 2952 bellum
2732 2888 2967 2953 iubet'.

676 2994 921 3058 Misere
965 2992 1246 3078 denique
1291 2990 1566 3055 detorsit
1610 2989 1784 3052 idem
1829 2988 1940 3053 ille
1985 2990 2197 3054 editor
2239 3012 2503 3054 versum
2543 2991 2673 3055 375

1083 3133 1296 3193 Minus
1336 3149 1505 3207 saepe
1536 3149 1753 3206 pecces,
1796 3133 1849 3191 si
1890 3134 2042 3191 scias
2084 3133 2236 3204 quod
2277 3135 2518 3200 nescia&

678 3278 1019 3346 inferendo
1065 3281 1234 3361 quid.
1325 3278 1428 3343 Of.
1473 3287 1814 3366 praeterea
1854 3278 2078 3344 adnot.
2121 3278 2205 3343 ad
2253 3301 2315 3343 v.
2361 3279 2466 3343 63.

848 3380 1361 3469 Hemigraphiae
1418 3381 1780 3463 insigniora
1828 3379 2150 3467 quaedam
2195 3380 2496 3469 exempla
2548 3381 2974 3468 proposuisse

682 3483 855 3549 haud
900 3482 1174 3570 pigebit.
1262 3481 1345 3547 In
1388 3502 1587 3571 versu
1629 3481 1752 3547 381

794 3708 805 3717 .
850 3624 1068 3685 Nullus
1110 3630 1190 3685 est
1233 3629 1435 3684 tamus
1477 3629 1769 3697 (nonestati,
1814 3642 1992 3697 quam
2033 3625 2187 3697 quod
2227 3600 2445 3683 habeas
2477 3643 2735 3698 parcere,

684 3755 1007 3821 sententia
1051 3755 1313 3841 quidem
1359 3764 1656 3821 constare
1699 3753 1985 3838 videtur,
2033 3776 2259 3819 versus
2303 3777 2436 3818 non
2475 3756 2655 3819 item.
2742 3755 2974 3841 Neque

684 3844 903 3922 tamen
954 3857 1182 3941 negari
1238 3866 1453 3944 potest
1508 3859 1976 3943 negotiatorem
2027 3866 2091 3920 et
2141 3857 2451 3923 maiorem
2504 3856 2721 3922 facere
2777 3878 2972 3943 quae—

683 3970 877 4043 stum,
924 3967 989 4022 et
1031 3960 1280 4023 minore
1323 3957 1544 4023 labore
1589 3969 1654 4023 et
1698 3959 1997 4023 breviore
2040 3968 2352 4047 tempore,
2399 3981 2546 4022 etun
2591 3960 2702 4046 qui
2745 3969 2976 4046 parcat

682 4062 805 4125 hoo
848 4068 1101 4127 tantum
1157 4070 1521 4148 praestare,
1584 4061 1757 4148 quod
1803 4059 2050 4125 nullum
2095 4061 2328 4127 subeat
2370 4059 2763 4149 periculum,
2822 4082 2974 4124 cum

690 4185 898 4251 neque
926 4186 966 4228 a
996 4161 1469 4250 tranquillitate
1512 4163 1711 4227 maris
1755 4185 1966 4250 neque
1994 4163 2079 4227 ab
2107 4187 2411 4249 agrorum
2445 4162 2786 4228 fertilitate
2815 4184 2972 4250 pen-

690 4265 861 4330 deat.
950 4265 1115 4331 Cum
1158 4266 1362 4351 igitur
1403 4288 1534 4331 non
1575 4274 1811 4349 agatur
1853 4265 1935 4329 de
1969 4264 2422 4351 magnitudine
2454 4276 2784 4353 quaestuS‚
2829 4269 2976 4328 tan·

690 4373 789 4433 tus
830 4355 1023 4431 haud*
1064 4366 1266 4433 dubie
1309 4376 1683 4456 corruptum
1728 4377 1860 4451 θεὶς
1915 4366 2241 4433 Publilius
2285 4378 2504 4433 autem
2549 4367 2812 4454 scripsit
2854 4388 2973 4432 nu-

690 4470 887 4534 meris
928 4469 1311 4534 trochaicis:
