3209 5184
564 475 647 538 90
1195 490 1505 538 PUBLILII
1552 491 1709 539 SYRI
1754 490 2209 540 SENTENTIAE.

638 645 642 650 ’
729 641 927 708 ΝύΙΙα
969 651 1101 708 tam
1145 643 1316 707 bona
1360 645 1459 708 est
1503 643 1782 722 fortuna,
1830 642 1912 706 de
1958 664 2085 729 qua
2126 640 2218 706 nil
2264 644 2474 727 possis
2522 641 2725 729 queri.

562 753 683 810 385
729 746 1068 831 Nlisquam
1121 744 1351 810 melius
1406 746 1717 808 morimur
1770 743 2094 828 homineS,
2153 766 2347 831 quam
2389 743 2508 807 libi
2566 742 2846 808 libenter

1784 844 2095 910 viximus.

732 947 1036 1032 Negandi
1081 968 1277 1012 causa
1320 968 1518 1012 avaro
1562 969 1914 1035 numquam
1958 946 2199 1012 deficit

563 1069 698 1108 prov.
736 1047 1041 1113 Nondum
1078 1048 1237 1130 felix
1278 1069 1356 1127 eo,
1402 1050 1459 1113 si
1502 1050 1784 1114 nondum
1828 1055 1883 1114 te
1927 1050 2113 1114 turba
2157 1049 2406 1113 deridet.

732 1148 909 1214 Nam
964 1152 1076 1214 etsi
1128 1150 1334 1215 nullos
1385 1151 1676 1215 inimicos
1729 1151 1844 1215 tibi
1893 1150 2098 1232 faeiat
2145 1151 2423 1227 iniuria,
2483 1150 2706 1215 multos
2750 1153 2845 1213 ta-

1779 1267 1919 1316 men
1957 1251 2118 1333 facit
2157 1252 2424 1315 invidia.

730 1351 808 1416 N
801 1373 882 1417 on
936 1354 1211 1435 aspicias
1267 1373 1458 1443 quam
1501 1353 1732 1436 plenas
1787 1354 1928 1433 quis
1991 1354 2099 1417 deo
2155 1372 2387 1416 manus
2402 1402 2417 1430 ‚
2487 1354 2596 1417 sed
2646 1373 2841 1433 quam

1763 1474 1973 1536 puras
2017 1454 2359 1518 admoveat.

740 1555 819 1619 N
812 1576 892 1620 on
935 1556 1102 1620 enim
1145 1555 1328 1621 aliter
1342 1606 1358 1636 ‚
1412 1556 1541 1620 nisi
1585 1557 1854 1638 optimus
1909 1557 2190 1633 animm,
2240 1555 2705 1637 pulcherrimus
2748 1556 2849 1619 dei

1781 1657 1981 1722 cultus
2023 1661 2126 1721 est.

646 1764 683 1822 5
730 1757 883 1822 Non
922 1760 1099 1823 vivas
1142 1759 1325 1823 aliter
1367 1759 1440 1822 in
1482 1758 1833 1837 solitudine,
1884 1759 2069 1822 aliter
2110 1759 2184 1822 in
2221 1755 2378 1837 foro.

732 1858 920 1924 Nihil
951 1863 1151 1942 petas,
1197 1859 1364 1939 quod
1402 1863 1746 1940 neyaturus
1788 1879 1866 1924 es,

731 1959 918 2024 Nihil
958 1961 1233 2041 neyabiS,
1281 1960 1450 2040 quod
1479 1962 1795 2042 petiturus
1837 1980 1916 2025 es.

730 2058 915 2126 Nihil
957 2081 1259 2143 magnum
1301 2064 1390 2125 est
1429 2062 1501 2126 in
1541 2062 1725 2127 rebus
1767 2062 2093 2140 humaniS,
2140 2063 2269 2126 nisi
2305 2064 2561 2126 animus
2605 2080 2846 2143 mayna

564 2440 827 2483 oomons
857 2441 905 2479 v.
939 2422 1304 2480 377—386:
1334 2423 1502 2480 PRF
1526 2422 1752 2496 (TEC),
1793 2421 2065 2479 Proverb.:
2106 2422 2274 2479 PRF
2296 2421 2468 2496 (EC),
2500 2424 2572 2480 M
2592 2447 2675 2470 =
2705 2424 2853 2479 Ano-

984 2523 1174 2597 nymus
1206 2506 1272 2563 de
1303 2506 1561 2564 morihuS.

732 2641 853 2699 384
900 2644 1025 2697 sort.
1068 2649 1151 2697 est
1194 2642 1273 2712 F,
1319 2651 1403 2698 est
1447 2661 1550 2700 om.
1603 2645 1758 2700 Vino.
1792 2643 1941 2699 Bell.
1976 2659 2063 2715 sp.
2108 2646 2164 2700 d.
2209 2643 2280 2715 5,
2317 2642 2435 2701 126
2483 2645 2741 2716 idemque
2782 2643 2856 2700 de

565 2749 668 2787 om.
842 2728 915 2782 nil
949 2727 1028 2796 F,
1076 2729 1387 2783 Erasmus.-
1432 2728 1562 2786 nihil
1606 2728 1711 2784 PR
1769 2727 1924 2784 Vino.
1969 2744 2078 2782 non
2112 2728 2289 2784 Rern.
2477 2729 2631 2801 queri
2663 2729 2850 2785 Eras-

569 2830 722 2870 mus:
769 2813 953 2886 quaeri
993 2812 1182 2881 PRF,
1224 2809 1413 2885 confit-i
1457 2813 1638 2870 Bern.
1685 2812 1851 2868 Coeo.
1897 2814 2065 2868 Balb.
2111 2812 2343 2869 Monac.
2380 2812 2480 2884 17,
2525 2811 2595 2882 2,
2630 2830 2731 2886 py.
2767 2812 2851 2870 26

573 2896 747 2953 ‘nulla
789 2905 895 2952 tam
926 2894 1064 2952 bona
1096 2904 1181 2951 est
1214 2912 1347 2951 uxor
1379 2894 1588 2970 (fuitne
1620 2897 1731 2969 suxi,
1773 2901 1809 2954 i.
1844 2913 1890 2953 e.
1922 2897 2115 2952 semina
2130 2896 2206 2968 1²),
2249 2898 2303 2952 in
2335 2913 2440 2969 qua
2471 2912 2580 2951 non
2612 2897 2855 2953 invenias

563 2981 707 3057 quod
735 2980 1000 3055 queraris'
1175 2980 1296 3037 385
1343 2998 1635 3056 numquam
1672 3029 1683 3042 .
1720 3028 1732 3042 .
1768 2998 1925 3055 quarn
1956 2997 2077 3036 cum
2110 2981 2171 3051 C,
2204 2996 2494 3052 numquam
2528 3022 2541 3035 .
2578 3023 2590 3035 .
2625 2981 2856 3037 vivimus

568 3069 751 3124 Bothe
924 3065 1045 3122 386
1092 3081 1249 3121 avaro
1280 3065 1548 3122 PRFEC
1588 3068 1746 3125 Vine.
1781 3067 1930 3122 Bell.
1972 3081 2057 3136 sp.
2090 3068 2141 3121 d.
2174 3064 2245 3135 4,
2282 3063 2431 3134 144,
2477 3066 2581 3121 secl
2607 3064 2662 3119 F
2686 3064 2858 3136 infra

558 3158 694 3224 post
739 3170 786 3207 v.
819 3148 942 3205 422
975 3153 1209 3206 iterum.-
1252 3149 1315 3205 N.
1348 3167 1395 3205 c.
1437 3167 1651 3208 avarum
1692 3170 1747 3208 n.
1791 3150 1949 3220 facit,
1994 3151 2143 3205 unde
2173 3150 2339 3206 Ribb.
2373 3153 2595 3219 recepit
2635 3166 2859 3206 avarum

734 3235 1011 3291 Proverb.
1048 3234 1079 3288 1
1127 3235 1171 3290 si
1203 3250 1311 3289 non
1343 3235 1408 3290 M
1436 3234 1515 3292 23
1691 3245 1743 3292 te
1775 3254 1878 3293 om.
1930 3234 2080 3290 Vinc.
2116 3234 2265 3290 Bell.
2291 3249 2377 3304 sp.
2410 3236 2463 3290 d.
2495 3233 2557 3301 4,
2591 3232 2671 3289 83

562 3319 810 3376 deriserit
841 3318 922 3389 M,
954 3336 1065 3391 quo
1094 3321 1213 3375 leni
1242 3323 1690 3391 transpositione
1721 3320 1984 3392 efficitur
2012 3336 2062 3374 v.
2098 3320 2456 3374 trochaicus.-
2500 3317 2563 3375 N.
2598 3317 2635 3372 s.
2670 3335 2763 3390 es,
2806 3321 2860 3374 si

562 3400 804 3460 nondum
837 3401 990 3458 turba
1023 3411 1077 3458 te
1107 3402 1353 3458 deriserit
1482 3403 1519 3459 2
1566 3398 1724 3480 Nam]
1757 3406 1905 3459 male
1936 3405 2266 3459 adnectitur
2287 3406 2482 3474 priori
2502 3406 2824 3460 sententiae
2845 3428 2866 3467 ‚-

563 3508 670 3547 om.
706 3488 775 3544 M
801 3487 880 3544 26
1018 3486 1178 3544 faciat
1206 3488 1333 3557 PR,
1365 3492 1534 3545 etiam
1564 3490 1630 3545 M
1655 3492 1712 3545 in
1745 3504 1855 3561 quo
1895 3489 2200 3555 praecedit
2228 3494 2285 3542 et
2314 3488 2389 3542 si:
2437 3486 2564 3542 facit
2597 3488 2653 3542 F
2691 3489 2855 3544 Vino.

565 3574 713 3629 Bell.
759 3588 847 3644 sp.
890 3574 942 3628 d.
985 3570 1054 3643 4,
1088 3571 1170 3628 83
1368 3572 1504 3628 iuria
1537 3574 1590 3630 R
1786 3564 2017 3646 multos]
2051 3570 2353 3627 Nonnullos
2384 3572 2444 3626 F
2467 3576 2528 3627 in
2557 3575 2855 3643 principio

565 3672 768 3715 versus
960 3656 998 3713 3
1044 3657 1165 3729 quis
1199 3656 1245 3713 C
1287 3657 1444 3713 Vino.
1480 3659 1624 3716 Bell.
1668 3672 1754 3729 sp
1786 3658 1839 3712 d.
1870 3654 1932 3725 4,
1966 3655 2074 3711 31.
2121 3656 2352 3728 quisque
2384 3655 2550 3712 PRF
2726 3650 2858 3732 sed]

563 3739 752 3797 Notes
762 3739 857 3795 sed
890 3740 946 3795 F
969 3743 1126 3796 inicio
1159 3757 1362 3797 versus
1568 3742 1750 3797 afferat
1781 3748 1835 3796 et
1866 3739 2144 3795 admoveat
2190 3741 2346 3796 Vino.
2381 3739 2572 3795 offerat
2604 3739 2651 3796 0

563 3825 602 3881 4
651 3824 923 3880 Μεηαήά.
970 3822 1210 3881 Monost.
1245 3823 1366 3881 246
1411 3823 1600 3881 θυσία
1638 3826 1878 3897 μεγίστη
1919 3820 2004 3901 τῷ
2027 3820 2175 3878 θεω
2218 3810 2283 3880 τὸ
2323 3811 2383 3898 y’
2418 3809 2687 3898 ευσεβεῐν

565 3910 705 3966 enim
749 3926 857 3965 om.
890 3908 947 3963 F
1134 3907 1290 3966 aliter
1336 3909 1473 3979 PR,
1516 3909 1634 3966 Non
1677 3910 1834 3966 aliter
1875 3926 1929 3982 p.
1973 3908 2060 3964 dei
2102 3908 2282 3964 cultus
2325 3916 2408 3965 est
2449 3909 2657 3964 animus
2697 3901 2706 3986 Ι
2745 3907 2862 3964 Nisi

566 3994 730 4073 suerit
773 3992 1009 4065 optimus
1040 3993 1121 4064 F,
1168 3991 1305 4048 alter
1352 3993 1504 4048 Vino.
1541 3995 1613 4050 B.
1656 4010 1740 4065 sp.
1773 3995 1827 4049 cl.
1861 3992 1923 4063 4,
1957 3992 2072 4061 313
2120 4011 2195 4049 an
2235 3991 2408 4050 alius?
2581 3992 2762 4048 cultor
2791 3992 2870 4049 M

570 4077 648 4134 28
844 4076 987 4131 vives
1028 4076 1097 4132 M
1135 4075 1213 4134 32
1433 4077 1468 4133 6
1514 4093 1654 4145 non,
1695 4093 1880 4148 supra
1922 4093 2033 4134 scr.
2082 4080 2277 4149 prima
2318 4094 2494 4133 manu
2532 4078 2556 4131 1
2596 4076 2760 4133 nichil
2805 4079 2870 4133 E

778 4176 903 4233 neg.
949 4159 1100 4215 suisti
1139 4160 1208 4216 M
1245 4161 1324 4218 33
1541 4161 1574 4217 7
1623 4177 1824 4235 negeS,
1866 4176 2050 4232 supr-41
2095 4176 2216 4218 scr.
2255 4179 2352 4233 pr.
2387 4179 2456 4217 m.
2491 4162 2515 4215 i
2556 4159 2779 4235 negabis
2807 4164 2871 4218 E

731 4261 789 4302 es
822 4245 899 4300 F.-
932 4244 1037 4299 eris
1072 4244 1196 4317 PR,
1230 4245 1378 4300 fuisti
1408 4244 1476 4300 M
1501 4243 1602 4314 33,
1635 4245 1710 4300 sit
1739 4243 1893 4316 (sislj
1940 4243 2096 4301 Vino.
2134 4245 2280 4301 Bell.
2313 4262 2401 4316 sp.
2437 4247 2489 4302 d.
2522 4244 2597 4315 4,
2630 4243 2710 4301 53

572 4331 609 4386 8
656 4329 720 4386 M
749 4327 851 4399 44,
886 4329 942 4384 Ε
985 4329 1142 4386 Vino.
1178 4330 1321 4386 Bell.
1353 4345 1437 4401 sp.
1470 4330 1524 4386 d.
1558 4327 1620 4399 4,
1655 4328 1733 4385 73
1915 4337 1999 4385 est
2031 4346 2283 4402 magnum
2334 4331 2492 4388 Vinc.
2679 4329 2866 4403 despi-

569 4414 717 4468 ciens
752 4412 870 4468 Pa.-
913 4411 1201 4486 dispiciens
1243 4413 1416 4484 RPb,
1459 4413 1751 4487 despiciens
1784 4412 1867 4468 F.-
1911 4414 2014 4469 nisi
2056 4415 2261 4469 animus
2311 4412 2464 4486 (sup.
2507 4430 2621 4470 scr.
2658 4415 2868 4470 maiora

568 4495 650 4551 vel
698 4494 910 4568 magna)
961 4495 1258 4569 despiciens
1300 4498 1381 4568 E,
1426 4497 1526 4553 nisi
1569 4513 1652 4552 an.
1698 4495 2042 4570 despicientis
2092 4498 2246 4554 Vino.
2292 4499 2393 4553 nisi
2437 4514 2634 4571 magno
2679 4497 2866 4555 animo
