3209 5184
632 444 735 506 82.
1266 458 1576 506 Pussmnn
1623 459 1778 506 εγω
1827 417 2285 506 ΒΕΝΊῘΕΝΤῙΑΕ.

798 609 1159 676 Iucundum
1201 609 1293 674 nil
1339 620 1457 692 est,
1503 612 1634 674 nisi
1678 609 1852 697 quod
1895 610 2105 674 reficit
2149 610 2454 674 varietas.

630 720 753 778 240
798 712 1183 797 Ingenuitas
1229 734 1358 776 non
1399 711 1639 797 recipit
1685 709 2157 777 contumeliam.

797 812 1097 879 ‘Inritare
1142 823 1241 878 est
1286 811 1745 896 calamitatem,
1794 814 1940 876 cum
1983 822 2050 876 te
2095 812 2352 876 felicem
2399 835 2612 879 voces.

795 916 1049 1003 Inpune
1091 936 1324 1001 pecces
1369 916 1436 979 in
1484 936 1652 996 eum,
1699 915 1810 1001 qui
1853 924 2081 1002 peccat
2123 915 2321 1000 prior.

795 1016 1100 1102 Ingratus
1145 1039 1311 1080 unus
1356 1015 1656 1080 omnibus
1699 1017 1954 1080 miseris
1999 1025 2208 1080 nocet.

798 1117 876 1181 In
918 1119 1181 1182 miseria
1226 1120 1420 1182 ctiam
1466 1119 1604 1181 vita
1649 1117 2038 1183 contumelia
2084 1127 2202 1184 est.

630 1225 750 1283 245
797 1218 921 1284 'Ita
963 1220 1243 1283 amicum
1288 1219 1552 1303 habeas,
1598 1221 1792 1307 pesse
1834 1230 1908 1283 ut
1951 1218 2144 1283 facile
2189 1220 2338 1283 fieri
2376 1219 2547 1284 hunc
2576 1222 2917 1286 inimicum
3035 1267 3046 1280 .

1848 1329 2060 1407 putes·

793 1421 1127 1487 Invidiam
1171 1422 1344 1486 ferre
1390 1430 1503 1487 aut
1546 1421 1736 1486 fortis
1781 1431 1893 1486 aut
1937 1420 2102 1486 felix
2143 1431 2379 1510 potest.

794 1522 876 1586 In
918 1545 1137 1589 amore
1182 1544 1436 1609 semper
1481 1524 1765 1588 mendax
1808 1522 2150 1587 iracundia
2193 1534 2313 1588 est.

793 1623 1062 1690 Invidia
1104 1625 1326 1708 tacite,
1373 1623 1490 1689 sed
1532 1626 1799 1689 inimice
1843 1626 2167 1690 irascitur.

794 1727 1041 1791 Iratum
1088 1727 1377 1791 breviter
1422 1726 1617 1809 vites,
1664 1727 1998 1790 inimicum
2044 1726 2180 1791 diu.

627 1835 750 1892 250
797 1824 1186 1893 Iniuriarum
1232 1828 1590 1892 remedium
1638 1837 1737 1891 est
1781 1827 2047 1893 oblivio.

791 1928 1226 1993 'Iracundiam
1272 1931 1383 2015 qui
1427 1930 1661 2011 vincit,
1704 1928 1958 1993 hestem
2002 1938 2263 2017 superat
2306 1932 2687 1996 maximum.

791 2030 1043 2095 Iactum
1086 2032 1362 2095 tacendo
1408 2032 1653 2095 crimen
1697 2031 1902 2095 facias
1946 2033 2180 2097 acrius.

626 2326 892 2368 comens
924 2329 974 2366 v.
1010 2299 1374 2369 230—263:
1405 2311 1631 2368 PRBF
1653 2309 1849 2388 (TEQ)

624 2446 764 2503 592.
804 2445 923 2503 645
1097 2446 1354 2502 delictum
1388 2446 1632 2516 Gruter,
1679 2447 1770 2519 qui
1811 2453 2121 2519 peccantem
2164 2462 2272 2500 non
2314 2445 2622 2501 ulciscendo
2653 2450 2917 2519 praeterit

630 2532 676 2587 T
845 2530 965 2588 239
1012 2525 1047 2563 *
1082 2531 1193 2585 nil:
1218 2530 1350 2587 nihil
1380 2529 1478 2586 LC
1646 2531 1749 2586 nisi
1780 2549 1884 2587 om.
1919 2530 1965 2586 G
2132 2529 2255 2587 240
2302 2530 2390 2603 Cf.
2425 2550 2473 2588 v.
2509 2529 2628 2586 284
2760 2549 2915 2588 rece-

622 2617 702 2690 pit
740 2617 823 2689 P,
865 2619 996 2671 item
1037 2616 1091 2671 R
1134 2618 1236 2672 sed
1270 2621 1486 2705 puncto
1523 2631 1708 2688 supra
1752 2632 1781 2671 e
1828 2618 2050 2686 addito,
2094 2614 2200 2671 fert
2247 2615 2299 2670 T
2466 2614 2582 2670 241
2632 2617 2740 2672 hoe
2782 2619 2914 2674 loeo

620 2659 868 2770 ΡΒΒΕ,
915 2700 1080 2773 infru
1118 2708 1249 2772 post
1291 2718 1340 2756 v.
1368 2687 1507 2758 263
1539 2701 1606 2755 F.
1699 2700 1789 2772 Cf.
1835 2719 1882 2757 v.
1920 2699 2038 2757 146
2232 2701 2458 2756 invitare
2501 2704 2650 2757 coni.
2696 2701 2915 2758 Gruter

788 2781 822 2818 '¹‘
852 2801 1039 2840 voces:
1086 2786 1358 2841 vocaveris
1391 2785 1521 2856 BC,
1553 2783 1833 2840 vocaberis
1862 2786 2054 2856 PRE,
2089 2784 2288 2840 dixeris
2327 2785 2714 2856 Panthaleon,
2745 2802 2909 2840 vocas

625 2871 860 2943 Inyolsl.
905 2870 1176 2925 vocaveris
1221 2869 1429 2925 felicem
1473 2870 1530 2923 F
1728 2869 1849 2925 242
1897 2885 2086 2943 pecces
2129 2870 2265 2925 BF:
2309 2886 2497 2944 peccas
2546 2869 2618 2941 C,
2658 2869 2911 2943 profecto

619 2971 807 3027 peccas
846 2956 920 3024 T,
963 2971 1121 3027 pecas
1152 2954 1231 3024 P,
1275 2955 1451 3027 peccis
1492 2956 1539 3010 R
1738 2956 1793 3010 in
1841 2970 1960 3010 enm
2006 2972 2110 3011 om.
2152 2956 2201 3010 T
2394 2956 2483 3027 qui
2528 2963 2712 3029 peccat
2758 2956 2913 3028 prior

621 3041 951 3096 Bentleius:
996 3040 1089 3112 qui
1118 3040 1267 3112 prior
1295 3040 1351 3093 in
1383 3055 1505 3094 eum
1536 3041 1838 3112 peccaverit
1875 3039 1943 3109 T,
1991 3040 2083 3112 qui
2113 3047 2300 3112 peccat
2329 3040 2502 3095 rarior
2531 3038 2652 3103 LO,·
2690 3041 2911 3110 impune

618 3132 802 3196 peccat
848 3140 969 3179 cum
1014 3124 1132 3196 quis
1180 3131 1368 3196 peccat
1408 3123 1581 3179 rarior
1623 3125 1935 3181 Fabricius
1976 3140 2047 3179 ac
2090 3127 2349 3196 similiter
2388 3128 2502 3180 iam
2541 3125 2908 3182 Panlhaleon

790 3206 911 3264 243
959 3209 1050 3263 uni
1087 3207 1155 3262 P
1302 3207 1552 3263 omnibus
1596 3210 1804 3264 miseris
1837 3210 2071 3282 Inyolsl.
2117 3207 2365 3264 omnibus
2408 3209 2654 3265 miserior
2687 3208 2765 3279 T,
2809 3211 2911 3264 mi-

619 3294 754 3348 seris
780 3291 1029 3349 omnibus
1049 3293 1115 3363 L,
1158 3292 1318 3349 Vino.
1345 3293 1493 3348 Bell.
1523 3309 1609 3364 sp,
1634 3296 1684 3350 d.
1710 3293 1771 3362 4,
1796 3293 1900 3364 54,
1932 3294 2110 3348 missis
2144 3292 2391 3349 omnibus
2417 3293 2462 3350 0
2624 3292 2744 3347 244
2789 3288 2824 3325 '¹‘
2850 3295 2909 3350 in

619 3378 832 3433 miseria
869 3379 1028 3432 etiam
1070 3378 1205 3431 vita:
1251 3378 1305 3431 in
1337 3378 1529 3432 misera
1560 3379 1666 3432 vita
1699 3379 1857 3432 etiam
1887 3379 1959 3448 F,
2002 3379 2057 3432 in
2088 3378 2301 3433 miseria
2331 3378 2437 3432 vita
2469 3376 2693 3450 (omisso
2724 3378 2909 3449 etiam)

622 3463 757 3534 PR,
801 3464 855 3518 in
901 3463 1095 3517 misera
1136 3462 1241 3517 vita
1273 3461 1352 3525 B,
1399 3462 1452 3516 in
1497 3462 1695 3517 misero
1738 3463 1843 3518 vita
1887 3469 1971 3518 est
2009 3463 2166 3518 etiam
2199 3470 2345 3518 cont.
2384 3463 2591 3533 Bothe,
2629 3464 2683 3517 in
2724 3464 2910 3518 miseri

618 3549 774 3603 vitam
802 3553 916 3603 tuta
939 3546 1266 3603 contumelia
1289 3553 1375 3603 est
1396 3547 1679 3603 Halmius.
1719 3546 1804 3618 Cf.
1822 3566 1870 3603 v.
1891 3546 2031 3603 256.
2048 3547 2167 3604 277
2289 3546 2409 3603 245
2455 3548 2669 3604 Gellius
2692 3548 2789 3619 17,
2820 3547 2899 3602 14

786 3631 903 3687 fieri
931 3636 989 3687 in
1023 3632 1074 3685 B
1103 3647 1218 3688 sec.
1250 3650 1319 3688 m.
1352 3648 1478 3704 sup.
1513 3648 1629 3688 scr.
1789 3632 1933 3688 hunc
1963 3633 2037 3687 in.
2072 3641 2232 3706 putes
2265 3633 2611 3689 Beruensis:
2653 3650 2706 3706 p.
2741 3632 2795 3688 h.
2826 3633 2906 3688 in.

619 3716 689 3787 F,
722 3715 865 3771 hunc
895 3732 1004 3771 non
1033 3717 1107 3771 in.
1141 3734 1193 3789 p.
1219 3717 1413 3781 PRB,·
1456 3724 1517 3772 ut
1548 3717 1694 3771 hunc
1725 3714 1838 3772 fieri
1870 3733 2032 3791 posse
2062 3717 2335 3772 inimicum
2366 3724 2524 3791 putes
2574 3717 2730 3774 Viuo.
2760 3718 2904 3773 Bell.

617 3815 704 3870 sp.
730 3802 793 3856 d.
829 3799 898 3867 5,
926 3799 1038 3871 88,
1070 3808 1133 3856 ut
1172 3802 1245 3855 in.
1281 3799 1394 3857 fieri
1435 3818 1600 3875 posse
1642 3803 1780 3870 scias
1814 3801 1857 3856 C
2037 3800 2157 3858 246
2211 3801 2304 3857 TC
2479 3819 2543 3857 an
2575 3801 2615 3857 s.
2648 3819 2713 3857 an
2747 3802 2784 3857 f.
2818 3803 2911 3865 F,-

620 3882 742 3941 silex
773 3885 878 3941 PR
1051 3883 1173 3940 247
1221 3879 1321 3957 Cf(
1345 3903 1395 3941 v.
1432 3885 1507 3942 13
1682 3893 1766 3942 est
1795 3887 1856 3943 ir.
1890 3887 1962 3958 F,
1994 3894 2079 3942 est
2109 3886 2165 3941 B
2194 3903 2310 3943 sec.
2341 3906 2414 3943 m.
2590 3885 2710 3943 248
2757 3891 2815 3942 in
2848 3889 2910 3943 F

616 3973 822 4026 iterum
859 3976 997 4041 post
1040 3989 1088 4026 v.
1137 3968 1287 4026 262:
1339 3969 1450 4025 lnv.
1496 3971 1654 4026 tacita
1702 3972 1861 4027 citius
1913 3972 2119 4027 inimica
2172 3973 2421 4027 irascitur
2589 3973 2794 4027 minute
2837 3973 2907 4027 ir.

619 4056 904 4111 Erasmus
1075 4053 1196 4112 249
1232 4053 1294 4109 Ὀ
1475 4052 1599 4111 250
1645 4055 1868 4112 Seneca
1911 4059 2073 4128 epist.
2119 4054 2229 4128 94,
2265 4056 2364 4113 28.
2427 4056 2584 4112 Vinc.
2619 4056 2768 4111 Bell.
2814 4073 2907 4128 sp.

616 4143 669 4196 d.
701 4139 774 4211 4,
804 4139 919 4211 83,
957 4139 1050 4195 TC
1216 4139 1552 4213 Magnanimo
1596 4139 1824 4196 iniuriae
1865 4158 1910 4196 r.
1958 4157 2010 4197 o.
2055 4149 2141 4196 est
2181 4142 2453 4197 Pithoeus
2636 4139 2755 4197 251
2803 4142 2913 4198 EC

631 4224 790 4281 Vino.
824 4225 974 4281 Bell.
1007 4241 1092 4296 sp.
1126 4227 1180 4281 d.
1213 4222 1273 4296 4,
1310 4223 1427 4281 133
1604 4242 1737 4281 max.
1770 4242 1890 4299 sup.
1926 4226 1977 4282 h.
2006 4227 2078 4297 F,
2111 4226 2297 4282 hostes
2329 4226 2585 4281 maximos
2615 4223 2910 4282 debellavit

624 4310 672 4364 T
841 4309 963 4365 252
1012 4309 1100 4381 Cf.
1147 4309 1265 4367 331
1467 4310 1636 4365 ictum
1679 4310 1762 4382 F,
1804 4309 2002 4366 sactum
2037 4309 2309 4366 Pithoeus
2507 4309 2731 4366 tacendo
2762 4310 2821 4365 B
2853 4320 2910 4368 el

617 4393 980 4452 Puntlzaleon
1015 4398 1325 4467 explicans
1369 4392 1496 4462 ‘Qui
1524 4402 1747 4468 peccato
1779 4397 1937 4451 etiam
1967 4394 2302 4452 mendacium
2334 4395 2511 4465 addit,
2549 4393 2631 4449 bis
2660 4396 2909 4468 peccat':

618 4478 898 4534 tacendum
928 4481 998 4550 P,
1029 4487 1293 4536 tacentem
1324 4479 1438 4535 RF
1605 4478 1770 4536 facies
1806 4481 1855 4536 R
