3209 5184
612 463 695 527 92
1239 477 1550 525 PUBLILII
1593 477 1752 526 sym
1797 475 2255 525 senmurum.

776 630 889 696 Nil
931 630 1142 716 magis
1184 638 1359 695 amat
1403 629 1750 719 cupiditas,
1798 650 1993 717 quam
2037 627 2232 716 quod·
2253 651 2384 694 non
2427 628 2600 695 licet.

775 733 922 798 Nisi
968 731 1261 797 vindices
1307 728 1566 816 delicta,
1614 731 2104 817 improbitatem
2143 730 2439 796 adiuves.

608 843 728 902 395
776 832 957 901 Nulli
1000 831 1258 897 facilius
1299 837 1500 919 ‘quam
1541 831 1713 898 malo
1757 832 2058 914 invenias
2101 854 2347 920 parem.

778 933 891 1000 Nil
934 957 1065 1000 non
1108 933 1415 998 acerbum
1458 936 1637 1023 prius
1683 955 1876 1021 quam
1918 943 2241 1001 maturum
2285 934 2433 1000 fuit.

773 1037 1024 1104 Nocere
1066 1057 1261 1123 posse
1306 1045 1371 1100 et
1414 1034 1585 1101 nolle
1629 1035 1770 1101 laus
1813 1034 2215 1123 amplissima
2261 1047 2378 1101 est.

773 1140 921 1204 Non
964 1138 1270 1223 vincitur,
1317 1137 1435 1203 sed
1478 1137 1687 1203 vincit
1731 1137 1844 1225 qui
1886 1136 2062 1201 cedit
2105 1138 2262 1203 suis.

772 1241 1142 1305 Necessitas
1189 1239 1302 1305 dat
1343 1238 1577 1326 legem,
1623 1261 1755 1305 non
1797 1240 1941 1326 ipsa
1981 1239 2243 1327 accipit.

602 1349 728 1409 400
770 1342 1008 1410 Nescio
1053 1340 1212 1429 quid
1255 1341 1484 1427 agitat,
1532 1363 1679 1406 cum
1724 1342 1965 1407 bonum
2007 1340 2302 1418 imitatur
2345 1342 2576 1408 malus.
2643 1376 2648 1381 ·

769 1441 968 1508 Nulla
1009 1442 1260 1507 homini
1301 1445 1508 1508 maior
1550 1464 1760 1531 poena
1803 1451 1903 1507 est
1947 1463 2142 1530 quam
2185 1441 2560 1509 infelicitas.

769 1545 917 1609 Non
960 1544 1148 1609 novit
1192 1545 1404 1610 virtus
1450 1543 1810 1610 calamitati
1855 1543 2105 1636 cedere.

769 1647 1144 1712 Necessitas
1188 1645 1272 1711 ab
1317 1646 1577 1712 homine
1623 1667 1787 1732 quae
1834 1645 1977 1710 vult
2020 1647 2348 1733 impetrat.

771 1748 1168 1815 Necessitati
1213 1746 1551 1835 quodlibet
1594 1747 1797 1813 telum
1839 1746 1999 1812 utile
2044 1757 2163 1812 est.

604 1849 727 1917 405
772 1849 1023 1916 Nocere
1067 1870 1255 1913 casus
1299 1870 1431 1914 non
1475 1848 1642 1915 solet
1685 1850 2111 1915 constantiae.

768 1951 916 2017 Non
959 1959 1109 2038 pote
1153 1973 1285 2017 non
1329 1972 1580 2040 sapere,
1628 1952 1741 2038 qui
1785 1971 1855 2017 se
1899 1949 2171 2017 stultum
2213 1952 2558 2039 intellegit.

768 2052 1142 2120 Necessitas
1188 2062 1488 2139 egentem
1529 2052 1909 2117 mendacem
1951 2054 2132 2119 facit‘.

769 2154 917 2222 Non
959 2152 1152 2220 facile
1196 2154 1375 2220 solus
1421 2175 1665 2238 serves,
1713 2153 1888 2241 quod
1930 2155 2156 2221 multis
2200 2154 2436 2244 placet.

768 2255 1140 2321 Necessitas
1185 2254 1359 2342 quod
1401 2257 1636 2342 poscit,
1683 2257 1814 2321 nisi
1855 2255 1993 2339 des,
2041 2257 2256 2343 eripit.

601 2364 729 2424 410
770 2358 1026 2424 Nocens
1070 2368 1395 2446 precatur,
1440 2359 1749 2424 innocens
1793 2359 2119 2424 irascitur.

765 2460 905 2527 Nec
947 2461 1088 2526 vita
1128 2481 1249 2525 nec
1293 2459 1557 2528 fortuna
1599 2459 1974 2527 hominibus
2019 2481 2251 2550 perpes
2297 2471 2416 2528 est.

604 2721 868 2764 comens
901 2724 948 2762 v.
981 2704 1350 2764 387—435:
1378 2705 1437 2763 F
1459 2704 1555 2780 (T)

778 2841 900 2900 393
946 2841 1021 2899 nll
1049 2842 1309 2917 Inqolst..·
1336 2840 1470 2901 nihil
1499 2842 1557 2898 F
1658 2857 1666 2864 ·
1698 2845 1880 2915 ‘quam
1909 2840 1964 2897 id
1995 2842 2140 2915 quod
2173 2842 2358 2900 Bothe
2540 2843 2663 2903 394
2709 2845 2795 2919 Cf.
2828 2865 2884 2905 v.

601 2909 741 2983 535.
774 2925 914 2984 592.
975 2927 1325 2986 Pseudosen.
1367 2931 1437 2987 de
1466 2945 1606 2984 mor.
1643 2926 1763 2982 114
1989 2926 2111 2984 395
2157 2922 2192 2962 ‘¹‘
2220 2929 2487 2986 invenias:
2531 2931 2766 2986 invenies
2801 2932 2885 2997 F,-

600 3010 680 3083 cf.
708 3028 803 3086 pq.
838 3012 920 3070 60
1090 3013 1212 3070 396
1259 3012 1332 3070 nil
1362 3013 1620 3088 Inqolsc..·
1650 3010 1780 3067 nihil
1812 3009 1870 3065 F
2006 3011 2111 3069 suit
2141 3013 2382 3071 Gruter.-
2427 3012 2487 3071 fit
2517 3015 2574 3070 F
2597 3014 2731 3086 (non
2762 3014 2881 3089 sit),

598 3095 704 3151 siet
731 3096 970 3170 Inqolst.
1036 3096 1124 3171 Cf.
1146 3114 1247 3171 pq.
1279 3097 1358 3155 58
1532 3095 1654 3155 397
1700 3089 1915 3153 auson.
1966 3097 2077 3154 VII
2108 3098 2363 3171 Sapient.
2394 3107 2537 3156 sent.
2571 3100 2718 3156 Bias
2749 3100 2806 3157 6.
2841 3102 2880 3159 7

600 3177 779 3248 ‘Quod
822 3180 1104 3255 prudentis
1145 3181 1320 3256 opus?
1362 3198 1485 3239 cum
1525 3181 1706 3256 possis
1738 3181 1884 3238 nolle
1911 3196 2128 3239 nocere.
2216 3182 2352 3252 Quid
2381 3184 2534 3241 stulti
2564 3185 2882 3259 proprium?

597 3281 706 3321 non
757 3281 922 3340 posse
965 3273 1022 3323 et
1061 3265 1198 3322 velle
1237 3267 1478 3324 nocere?
1571 3264 1784 3323 Gaecil.
1834 3267 2005 3324 Balb.
2045 3285 2138 3342 pq.
2180 3266 2255 3324 21
2303 3275 2357 3325 et
2398 3268 2476 3325 38
2527 3268 2702 3325 ‘Plato
2742 3269 2883 3327 dixit

522 3409 529 3414 ,
599 3350 930 3425 triumphum
972 3351 1311 3409 innocentiae
1349 3350 1528 3408 solum
1569 3367 1691 3407 esse
1735 3368 1845 3408 non
1886 3369 2106 3427 peccare
2138 3350 2226 3409 ubi
2267 3352 2425 3409 liceat
2458 3355 2666 3427 posse)
2754 3355 2879 3412 Me-

596 3435 773 3492 nand.
804 3435 1048 3495 Monost.
1082 3435 1202 3494 638
1232 3422 1387 3509 ἀνὴρ
1420 3429 1656 3504 δίκαιός
1697 3427 1856 3492 ἐστιν
1885 3428 1993 3510 οὐχ
2035 3423 2066 3492 ὃ
2108 3424 2190 3511 μὴ
2232 3425 2492 3510 ἀδικῶν,
2539 3425 2670 3493 ἀλλ’
2716 3426 2880 3508 ὅστις

595 3510 828 3576 ἀδικεῖν
871 3510 1198 3593 δυνάμενος
1236 3507 1317 3597 μὴ
1355 3512 1632 3598 βούλεται
1803 3521 2126 3596 amplissima
2166 3529 2250 3579 est
2288 3522 2554 3596 Inqolst.:
2596 3532 2679 3579 est
2719 3540 2768 3580 a.
2801 3524 2878 3595 F,

598 3604 809 3662 laudem
840 3604 942 3661 sibi
970 3613 1251 3681 praeparat
1278 3607 1591 3682 ampliorem
1631 3607 1682 3662 T
1855 3606 1975 3663 398
2024 3607 2300 3680 Calpurn.
2333 3608 2590 3665 Flaccus
2618 3610 2760 3666 decl.
2794 3608 2874 3666 21

596 3688 752 3746 ‘cede
782 3688 957 3763 fratri,
987 3691 1119 3748 cede
1147 3691 1232 3747 vel
1261 3694 1417 3767 patri.
1476 3693 1651 3749 victor
1681 3692 1811 3764 eris,
1844 3692 1889 3747 si
1919 3692 2193 3749 cesseris?
2409 3692 2552 3750 cedit
2581 3694 2692 3749 suis
2726 3694 2882 3752 Gru-

597 3780 716 3830 ter.-
759 3791 806 3830 S.
833 3791 880 3830 c.
912 3777 969 3832 F
1132 3775 1259 3834 400
1302 3778 1469 3852 agitat
1510 3777 1725 3835 Bothe.-
1770 3779 1975 3851 cogitat
2004 3776 2087 3841 F‚·
2130 3778 2212 3852 cf.
2245 3796 2296 3835 v.
2335 3778 2411 3835 61
2577 3777 2726 3895 ί401
2775 3779 2879 3836 ho-

2600 3867 2612 3895 ι

596 3909 725 3965 mini
755 3912 992 3981 reposui
1017 3925 1097 3967 ex
1132 3910 1183 3965 T
1204 3909 1352 3968 nulla
1391 3920 1478 3968 est
1517 3914 1688 3969 maior
1717 3913 1918 3968 homiui
1948 3929 2121 3987 poena
2152 3929 2310 3987 quam
2340 3915 2637 3970 necessitas
2666 3885 2883 3988 inopia?

593 3995 870 4051 hominum
902 3994 974 4066 F,
1008 3997 1257 4053 editores
1424 3995 1547 4055 403
1596 3997 1684 4069 Cf.
1715 4015 1765 4054 v.
1798 3996 1941 4054 399.
1973 3995 2114 4055 419.
2148 3997 2273 4056 428
2444 3998 2568 4057 406
2614 4007 2743 4074 pote
2773 4000 2873 4056 In-

590 4081 774 4155 qolst..·
803 4087 987 4153 potest
1018 4079 1074 4135 F
1236 4079 1359 4140 407
1407 4081 1494 4155 Cf.
1527 4100 1577 4139 v.
1616 4080 1733 4138 147
1928 4081 2051 4140 408
2098 4082 2188 4155 Cf.
2223 4101 2270 4141 v.
2301 4082 2423 4140 326
2456 4092 2510 4140 et
2538 4085 2781 4141 Hieron.
2813 4086 2876 4140 in

592 4167 879 4222 Jovinian.
924 4165 1016 4222 lib.
1048 4164 1089 4222 I
1121 4166 1227 4223 sub
1254 4167 1356 4239 fin.
1397 4161 1647 4224 ‘Difficile
1688 4167 2027 4240 custoditur,
2071 4168 2218 4242 quod
2257 4168 2442 4242 plures
2481 4170 2701 4224 amant!

524 4255 531 4268 “
593 4265 775 4306 serves
812 4248 963 4307 solus
1006 4251 1191 4308 Bothe
1373 4250 1497 4310 409
1543 4247 1579 4287 *
1612 4253 1712 4308 nisi
1753 4252 1877 4308 des:
1923 4254 2024 4309 nisi
2067 4252 2280 4310 dederis
2308 4253 2380 4323 F,
2427 4254 2479 4308 ni
2522 4252 2732 4309 dederis
2772 4254 2874 4310 In-

590 4338 755 4409 qolsl.
789 4336 893 4392 uisi
933 4335 1029 4392 das
1060 4337 1307 4402 Gruter,-
1348 4338 1428 4411 cf.
1458 4355 1552 4413 pq.
1585 4338 1670 4395 50
1867 4336 1992 4397 410
2037 4338 2125 4411 Cf.
2157 4357 2203 4396 v.
2236 4338 2357 4395 312
2555 4337 2675 4394 411
2725 4338 2872 4395 hom.

590 4434 788 4493 perpes
827 4428 912 4476 est
955 4421 1202 4479 Gruter.-
1244 4430 1505 4498 perpetua
1547 4429 1634 4479 est
1675 4422 1729 4477 h.
1761 4421 1845 4486 F;
1887 4438 1987 4479 nec
2028 4424 2134 4478 vita
2179 4422 2481 4480 hominibus
2523 4439 2623 4479 nec
2651 4423 2874 4479 fortuna
2997 4449 3016 4458 ·

592 4519 785 4577 perpes
823 4511 909 4560 est
938 4504 1307 4565 Fromicltius
