3209 5184
580 414 618 477 8
1452 424 2000 477 PROLEGOMENA.

578 579 664 645 ad
717 578 941 645 nostra
994 588 1285 665 tempora
1338 587 1765 666 propagatam
1812 600 1987 660 esse,
2032 578 2239 666 quasi
2284 601 2502 643 omnes
2549 578 2731 642 mimi
2776 579 2867 642 ita

581 681 826 746 fuerint
881 680 1256 767 compositi,
1314 689 1387 744 ut
1438 679 1521 744 ab
1578 703 1706 745 uno
1765 689 2132 764 agerentur.
2221 680 2322 744 Ne
2365 690 2585 745 tamen
2628 702 2872 764 arguar-

581 805 719 848 rem
773 783 843 847 in
897 783 1104 846 maius
1162 780 1462 863 auxisse,
1517 780 1888 846 adscribam
1946 804 2111 868 quae
2157 782 2461 866 leguntur
2505 782 2574 844 in
2620 780 2787 846 libro
2830 804 2869 844 a

583 882 826 949 Guhlio
873 892 936 948 et
967 883 1229 947 Konero
1275 881 1473 963 edito,
1521 883 1639 947 das
1658 882 1896 947 Lebcn
1930 882 2046 947 der
2080 882 2407 948 Griechen
2438 883 2574 946 und
2605 882 2866 965 Romer,

583 1008 692 1074 pg.
726 986 850 1050 704
880 984 980 1049 ed.
1014 1006 1147 1049 sec.
1239 983 1351 1049 ‘In
1394 986 1564 1050 emer
1592 984 2148 1050 Harlekinstracht
2188 986 2398 1067 spielte
2442 987 2552 1050 der
2589 987 2705 1049 mit
2733 987 2885 1050 dem*

583 1093 783 1153 ersten
814 1085 1183 1167 Rollenfach
1214 1086 1490 1153 betraute
1532 1087 1944 1177 archimimus
1971 1108 2084 1152 vor
2113 1087 2284 1152 einer
2316 1085 2620 1165 Θανάίηθ,
2652 1086 2871 1151 welche

583 1190 682 1254 die
723 1189 976 1253 vordere
1003 1187 1234 1253 Banna
1275 1208 1395 1253 von
1440 1189 1549 1253 der
1591 1189 1875 1253 materen
1920 1192 2174 1253 tremate.
2263 1186 2452 1261 Alcen,
2493 1188 2756 1270 iibriyen
2799 1190 2871 1252 in

585 1291 695 1355 der
753 1288 943 1354 Posse
996 1289 1427 1369 austratemlen
1484 1288 1802 1354 Personen
1853 1310 2069 1354 waren
2125 1283 2253 1353 n‘ur
2296 1287 2374 1352 N
2366 1289 2710 1354 ‘ebenrollen
2762 1308 2870 1354 zu·
2925 1371 2931 1379 ¹

579 1392 877 1473 yewiesen
918 1392 1054 1456 und
1092 1392 1513 1456 secundierten
1566 1393 1656 1456 sie
1700 1392 1816 1456 das
1860 1390 2031 1473 Spiel
2075 1393 2179 1455 des
2222 1389 2695 1472 Hauptacteurs
2738 1412 2866 1455 nur

585 1493 781 1557 durch
840 1493 1265 1575 yeleyentliche
1323 1492 1717 1571 Antworten,
1784 1494 1969 1557 sowie
2025 1493 2220 1557 durch
2280 1490 2810 1556 Gesticulationen
2827 1497 2868 1583 ἶ,

587 1594 691 1657 cui
737 1594 1096 1658 sententiae
1142 1616 1282 1658 cum
1314 1592 1442 1658 alia
1470 1593 1903 1679 refragantur,
1950 1602 2091 1658 tum
2122 1593 2462 1679 inscriptio
2494 1592 2668 1678 apud.
2702 1591 2869 1657 Gru-

588 1705 799 1761 terum
843 1693 971 1759 vol.
1004 1694 1133 1760 III.
1181 1696 1262 1760 N.
1300 1695 1481 1778 1089,
1530 1717 1695 1783 quae
1739 1697 2085 1780 sexaginta
2128 1697 2359 1759 mimos
2408 1695 2551 1758 sive
2581 1694 2870 1759 adiectos

589 1799 658 1861 in
701 1796 1011 1861 honorem
1055 1795 1397 1882 Eutychae
1442 1798 1838 1879 archimimi,
1886 1798 1930 1862 i.
1979 1818 2032 1861 e.
2080 1797 2396 1884 principis
2443 1818 2692 1881 greg1S,
2740 1817 2873 1859 mo·
2901 1854 2906 1857 ,

586 1908 966 1963 numentum
1011 1898 1313 1963 statuisse
1356 1905 1655 1962 testatur.
1746 1897 1849 1962 Cf.
1885 1899 2081 1963 etiam
2124 1898 2353 1983 Pauly,
2400 1897 2589 1963 Real-
2567 1897 2871 1982 -EncycL

552 1994 674 2082 -V,
721 2000 825 2064 36.
844 1999 993 2083 37;
1043 1997 1293 2085 Grysar
1336 1996 1380 2062 l.
1426 1996 1469 2062 l.
1516 2021 1626 2085 pg.
1672 1999 1778 2064 25.
1825 1999 1928 2063 26.
1976 2000 2079 2064 35.

757 2099 959 2165 Mimo
1004 2097 1261 2164 semel
1244 2122 1312 2163 m
1341 2120 1646 2164 scaenam
1675 2109 1935 2187 recepto
1967 2099 2278 2186 paulatim
2309 2100 2395 2164 ad
2425 2099 2690 2166 altiores
2723 2121 2867 2217 per-

590 2202 891 2268 fectionis
956 2201 1197 2287 gradus
1265 2211 1651 2292 perventum
1719 2223 1861 2268 esse
1917 2201 2327 2266 crediderim.
2418 2184 2628 2267 Nam
2643 2202 2874 2288 primO,

592 2326 739 2368 cum
782 2304 1015 2368 mimus
1050 2311 1221 2368 esset
1249 2324 1549 2368 acroama
1578 2303 1664 2368 ab
1695 2327 1822 2368 uno
1853 2302 2069 2390 aliquo
2101 2304 2416 2370 h1st110ne
2448 2304 2696 2368 editum
2728 2304 2869 2367 sive

594 2404 1051 2470 saltatiuncula
1118 2402 1229 2488 (cf.
1290 2403 1527 2470 Festus
1584 2429 1650 2492 p.
1697 2405 1822 2471 326
1880 2404 1982 2470 ed.
2029 2404 2395 2491 Muelleri),
2463 2406 2532 2469 in
2588 2413 2880 2469 extrema

594 2526 863 2570 scaenae
908 2527 1020 2572 ora
1061 2503 1378 2591 agebatur
1420 2516 1571 2571 ante
1622 2506 1953 2571 aulaeum:
2003 2515 2170 2593 post,
2219 2528 2365 2571 cum
2410 2506 2763 2599 mimi-iam
2793 2506 2878 2570 ad

592 2607 952 2692 legitimam
994 2605 1359 2671 fabularum
1404 2607 1679 2672 formam
1724 2609 2152 2674 accessissent
2198 2617 2262 2673 et
2306 2629 2729 2694 personarum
2759 2631 2874 2672 nu-

594 2730 770 2772 mero
826 2708 897 2772 in
942 2707 1080 2773 dies
1139 2718 1468 2775 crescente
1524 2709 1842 2798 ampliore
1899 2712 2111 2800 spatio
2158 2732 2320 2796 opus
2368 2719 2575 2794 esset,
2633 2732 2879 2775 novum

592 2811 727 2875 veli
770 2833 998 2896 genuS,
1047 2810 1223 2897 quod
1268 2810 1586 2897 siparium
1630 2812 1976 2896 vocabant,
2023 2811 2276 2876 mediae
2321 2833 2593 2877 scaenae
2636 2812 2731 2876 ita
2763 2812 2874 2878 ob-

597 2913 862 2977 ductum
908 2921 1037 2995 est,
1082 2920 1155 2977 ut
1197 2913 1267 2976 in
1312 2915 1633 2979 exteriore
1677 2915 1821 2979 sive
1864 2916 2081 2980 antica
2124 2924 2310 3001 parte
2352 2915 2717 3001 proscaenii
2760 2915 2877 2978 mi-

596 3015 747 3079 mici
780 3014 1129 3080 histriones
1160 3023 1596 3101 spectatorum
1635 3014 1895 3083 turbam
1927 3015 2348 3098 oblectarent,
2392 3024 2539 3103 post
2569 3016 2881 3102 siparium
2908 3060 2912 3065 ·

597 3124 814 3181 autem
869 3114 1098 3180 eodem
1151 3114 1487 3202 tempore?
1535 3138 1698 3203 quae
1758 3117 1843 3181 ad
1899 3118 2138 3183 iustam
2184 3115 2473 3181 fabulam
2518 3119 2882 3182 scaenicam

598 3217 966 3282 necessaria
1022 3226 1238 3299 erant,
1294 3227 1698 3304 pararentur.
1789 3217 1934 3285 Hoc
1990 3218 2248 3306 quando
2306 3219 2584 3306 primum
2633 3217 2882 3283 factum

600 3319 687 3384 sit
742 3319 973 3405 quisve
1026 3318 1224 3384 fuerit
1269 3319 1495 3405 siparii
1539 3321 1874 3402 inventor,
1932 3342 2119 3385 nemo
2164 3330 2461 3386 veterum
2502 3321 2885 3385 nominatim

598 3419 911 3506 prodidit,
958 3419 1068 3506 (cf.
1115 3418 1252 3485 Cic.
1300 3418 1381 3483 de
1425 3443 1610 3507 prov.
1658 3422 1901 3487 consul.
1949 3427 1989 3504 ξ
2041 3423 2147 3505 14,
2195 3444 2360 3509 quae
2406 3422 2617 3503 oratio
2656 3422 2883 3486 habita

602 3531 702 3587 est
744 3543 912 3587 anno
956 3543 1020 3585 u.
1068 3542 1123 3585 c.
1169 3518 1322 3610 698)
1378 3543 1499 3586 nec
1541 3525 1975 3589 recentiorum
2020 3525 2395 3611 quisquam,
2454 3522 2626 3611 quod
2680 3524 2885 3587 sciam

602 3624 974 3689 coniectura
1025 3625 1288 3711 assequi
1343 3633 1611 3690 conatus
1670 3635 1801 3691 est:
1870 3625 1986 3690 sed
2043 3625 2125 3690 de
2182 3646 2415 3690 scaena
2470 3624 2555 3688 ad
2597 3624 2884 3710 agendos

603 3724 833 3790 mimos
877 3724 1335 3812 amplificanda
1379 3728 1623 3843 optime
1668 3727 1980 3792 meruisse
2023 3725 2381 3791 Publilium
2427 3725 2723 3813 equidem
2770 3748 2885 3814 pro

602 3835 929 3913 comperto
974 3826 1202 3892 habeo.
1290 3826 1372 3891 Id.
1416 3829 1633 3915 ipsum
1674 3829 2042 3913 significare
2073 3827 2359 3893 voluisse
2388 3826 2674 3892 Plinium
2704 3837 2884 3915 puto,

603 3950 751 3993 cum
791 3947 1051 3994 scaenae
1095 3930 1382 3994 mimicae
1425 3931 1799 3995 conditorem
1842 3929 2231 4018 appellaret,
2288 3929 2591 4016 idemque
2636 3950 2884 3993 summo

604 4052 797 4117 opere
853 4012 1087 4113 miror,
1144 4030 1509 4117 Grysarum
1565 4030 1666 4095 his
1724 4031 1945 4096 verbis
2006 4032 2351 4117 deceptum
2395 4029 2717 4112 Publilio,
2773 4029 2883 4095 ho-

605 4133 766 4196 mini
823 4131 1115 4218 privato,
1174 4132 1285 4218 qui
1330 4153 1538 4219 neque
1594 4134 1988 4198 architectus
2043 4153 2253 4220 neque
2310 4132 2546 4219 amplis
2591 4134 2889 4197 fortunae

606 4234 982 4299 muneribus
1029 4241 1293 4299 ornatus
1342 4243 1541 4317 esset,
1593 4233 1868 4319 gloriam
1915 4233 2153 4299 theatri
2196 4234 2445 4300 con'diti
2490 4234 2886 4317 vindicasse,

606 4337 727 4401 etsi
785 4337 1064 4424 primum
1108 4335 1491 4423 Pompeium
1547 4358 1715 4413 anno
1759 4337 1843 4402 55
1887 4358 1945 4400 a.
1993 4335 2147 4402 Chr.
2205 4340 2604 4403 ‘mansuram
2657 4337 2886 4401 theatri

604 4439 806 4506 sedem
836 4439 1152 4522 posuisse’
1199 4437 1360 4504 satis
1405 4446 1683 4506 testatur
1728 4437 1992 4506 Tacitus
2038 4437 2122 4505 ab
2168 4460 2309 4504 exc.
2357 4440 2441 4504 D.
2474 4439 2556 4504 A.
2597 4437 2693 4520 14,
2726 4437 2832 4503 20.
