3209 5184
1757 451 2304 501 Paonneousm.
3086 433 3171 499 25

844 678 849 683 ,
904 608 1119 674 inferis
1165 608 1489 672 excitatus
1534 616 1738 688 esset,
1794 606 2144 693 proverbia
2187 604 2473 670 Senecae
2513 605 2583 669 in
2626 603 3018 669 oblivionem
3067 625 3169 668 ca-

907 710 1049 775 dere
1101 718 1469 796 coeperunt.
1557 709 1690 774 Sed
1741 709 2015 793 triginta
2068 706 2209 771 fere
2262 709 2450 772 annis
2503 717 2683 793 post,
2752 729 2900 771 cum
2957 705 3169 770 Hen-

909 814 1115 876 ricus
1168 809 1694 877 ‘Pantbaleon
1763 812 1834 874 in
1898 808 2393 894 proverbiorum
2458 808 2750 874 codicem
2814 807 3170 891 incidisset,

909 915 1356 980 sententiarum
1397 910 1914 977 Publilianamm
1958 911 2222 992 silvam,
2275 932 2489 975 raram
2531 909 2713 976 illam
2754 909 2930 997 apud
2974 910 3170 975 Eras-

912 1039 1072 1080 mum
1123 1014 1278 1079 inde
1319 1036 1359 1078 a
1401 1013 1621 1078 littera
1662 1013 1758 1092 N,
1816 1012 2092 1077 densare
2149 1022 2215 1076 et
2267 1011 2590 1098 complere
2645 1012 2772 1077 sibi
2816 1014 3001 1077 visus
3047 1023 3169 1095 est,

914 1120 1026 1182 etsi
1074 1116 1240 1180 nihil
1293 1115 1470 1181 aliud
1511 1114 1747 1179 auxilii
1792 1113 2057 1197 habuit,
2114 1138 2308 1201 quam
2352 1113 2527 1201 quod
2571 1115 2702 1178 iam
2746 1114 3021 1178 Erasmo
3064 1137 3170 1179 co·

911 1222 1148 1304 gnitum
1191 1217 1424 1281 fuerat.
1512 1217 1617 1281 De
1661 1219 1843 1281 cuius
1889 1216 2177 1281 editione
2221 1238 2367 1279 cum
2397 1216 2864 1303 posterioribus
2894 1214 3172 1280 saeculis

909 1319 1063 1385 nihil
1110 1316 1384 1405 amplius
1439 1339 1521 1381 ne
1563 1318 1740 1382 fama
1782 1316 2047 1404 quidem
2090 1317 2384 1382 auditum
2426 1318 2545 1399 sit,
2601 1316 2867 1405 plenum
2907 1316 3170 1382 titulum

907 1421 1247 1506 adscripsi:
1295 1421 1563 1484 Catonis
1609 1419 1891 1484 disticha
1933 1416 2207 1483 moralia
2248 1441 2396 1484 cum
2435 1417 2698 1484 scholiis
2730 1418 2991 1484 Erasmi
3020 1419 3170 1484 Rot.

907 1523 1084 1587 Mimi
1110 1520 1415 1586 Publiani
1460 1543 1606 1586 cum
1650 1520 1944 1586 eiusdem
1988 1518 2249 1585 scholiis
2292 1523 2501 1585 auctis
2542 1521 2885 1606 recogniti,
2933 1521 3172 1607 quibus

903 1631 1306 1689 accesserunt
1358 1622 1625 1709 plurimi
1675 1645 1884 1709 nuper
1937 1618 2192 1686 inventi
2245 1632 2310 1687 et
2363 1644 2717 1709 numquam
2769 1624 2948 1709 typis
2993 1621 3173 1686 evul-

900 1727 1054 1812 gati,
1096 1748 1137 1789 a
1165 1725 1473 1790 Heinrico
1501 1723 1941 1790 Pantbaleone
1984 1725 2304 1808 recogniti
2348 1745 2622 1810 cumque
2667 1724 2953 1789 eiusdem
2988 1724 3170 1788 scho-

898 1828 1003 1893 liis
1030 1826 1383 1892 illustrati.
1470 1827 1669 1890 Dicta
1724 1826 2042 1891 Graeciae
2097 1824 2510 1912 Sapientum,
2577 1848 2725 1890 cum
2780 1826 3172 1913 quibusdam

895 1929 1152 1993 Erasmi
1214 1926 1565 2015 opusculis.
1653 1926 2029 1991 Basileae
2094 1949 2265 1992 anno
2326 1926 2539 1992 1544.
2604 1927 2993 2013 impressum
3057 1949 3174 2015 per

895 2030 1238 2094 Erasmum
1290 2028 1716 2116 Xylotectum
1788 2050 2011 2093 mense
2065 2028 2387 2112 Augusto.
2477 2027 2608 2094 Sed
2666 2051 2831 2116 quae
2893 2039 2993 2094 est
3048 2032 3174 2094 ista

889 2134 1231 2196 mimorum
1273 2153 1480 2217 nuper
1523 2132 1939 2195 inventorum
1982 2129 2293 2215 farrago?
2336 2129 2625 2195 Iactator
2654 2130 2785 2211 ille,
2831 2132 2944 2217 qui
2974 2131 3170 2197 Sene·

887 2255 1009 2298 cae
1049 2232 1544 2319 proverbiorum
1589 2231 1907 2297 editiones
1952 2232 2190 2297 totiens
2234 2232 2546 2318 repetitas
2589 2254 2674 2296 ne
2715 2242 2986 2298 noverat
3029 2235 3169 2319 qui·

884 2336 1071 2417 dem,
1116 2333 1281 2398 nihil
1321 2332 1501 2397 aliud
1544 2333 1722 2416 fecit,
1765 2334 1896 2398 nisi
1938 2335 2367 2420 posteriorem
2411 2335 2876 2399 sententiarum
2920 2344 3173 2421 partem

883 2435 1075 2520 (N-
1091 2436 1183 2519 V)
1229 2443 1486 2498 centum
1544 2432 1682 2497 fere
1737 2435 1977 2519 viginti
2021 2456 2106 2498 ex
2151 2434 2645 2522 proverbiorum
2688 2436 2912 2500 codice
2956 2435 3171 2501 ductis

877 2547 948 2601 et
1008 2558 1204 2621 aegre
1257 2535 1344 2599 ad
1401 2535 1727 2622 quandam
1782 2538 2142 2601 carminum
2198 2537 2483 2623 speciem
2536 2537 2907 2603 assimilatis
2963 2539 3172 2621 auxit,

873 2638 1062 2703 idem
1105 2638 1192 2701 ad
1236 2640 1516 2724 priorem
1565 2647 1814 2725 partem
1857 2638 2104 2725 aliquot
2147 2637 2438 2719 addidit,
2485 2641 2723 2726 partim
2767 2661 2927 2725 quas
2973 2639 3171 2704 Eras-

870 2762 1027 2804 mus
1087 2748 1426 2826 spreverat
1481 2749 1555 2804 ut
1611 2741 1805 2804 nimis
1863 2748 2202 2827 corruptas
2218 2788 2237 2821 ,
2313 2761 2704 2826 quamquam
2774 2751 2957 2806 erant
3016 2763 3173 2804 vere

870 2839 1328 2923 Publilianae,
1385 2840 1549 2906 alias
1604 2863 1690 2906 ex
1744 2841 2029 2906 Senecae
2085 2840 2168 2904 de
2223 2840 2567 2907 clementia
2621 2842 2839 2924 libris,
2900 2865 3172 2929 quarum

868 2943 1032 3008 fons
1080 2952 1223 3006 erat
1264 2942 1598 3030 appendix
1642 2942 1759 3008 illa
1800 2942 2295 3029 proverbiorum
2340 2943 2676 3007 codicibus
2718 2943 3068 3025 nonnulliS,
3099 2954 3174 3009 ut

870 3065 1090 3130 supra
1130 3046 1659 3124 memoravimus,
1706 3043 1872 3109 falso
1914 3044 2140 3108 affixa.

1055 3144 1289 3230 Neque
1342 3153 1561 3209 tamen
1614 3144 1737 3210 hoc
1794 3143 1966 3210 malo
2012 3146 2470 3211 Pantbaleonis
2528 3145 2828 3232 exemplo
2881 3148 3171 3233 corrupti

869 3256 1036 3312 sunt
1103 3246 1431 3331 Georgius
1489 3246 1862 3327 Fabricius,
1927 3246 2252 3312 Henricus
2320 3248 2725 3334 Stephanus,
2791 3247 3172 3314 Theodorus

869 3348 1298 3432 Zwingerus.
1387 3347 1477 3411 Et
1520 3347 1953 3413 Fabricius
2000 3348 2294 3435 quidem,
2342 3350 2864 3430 Chemnicensis,
2910 3372 3059 3415 cum
3101 3352 3172 3414 in

867 3450 1143 3515 duobus
1189 3448 1676 3535 exemplaribus
1721 3450 2029 3536 antiquis,
2075 3451 2192 3514 sed
2236 3451 2663 3539 interpolatiS,
2709 3473 2915 3516 novos
2948 3449 3169 3517 Publi·

866 3551 975 3633 lii,
1020 3561 1100 3615 ut
1143 3551 1309 3663 ipse,
1329 3551 1738 3636 opinabatur,
1783 3573 2011 3615 versus
2053 3553 2439 3635 invenisset,
2485 3551 2648 3618 adeo
2691 3563 2909 3616 tamen
2956 3576 3026 3618 se
3057 3554 3170 3618 ad-

868 3655 1057 3719 dixit
1102 3652 1378 3717 Erasmo
1393 3701 1412 3735 ,
1469 3662 1543 3717 ut
1586 3654 1942 3717 sententias
1987 3654 2072 3718 ab
2127 3652 2241 3719 illo
2296 3655 2506 3719 editas
2564 3656 2836 3720 seorsim
2879 3664 3170 3742 poneret,

868 3776 1034 3819 suas
1080 3762 1273 3819 caute
1316 3754 1704 3819 inscriberet
1747 3754 2130 3820 ‘Sententias
2169 3755 2388 3821 Publii
2429 3759 2640 3822 mimis
2681 3758 2960 3822 similes’.
3028 3758 3169 3822 Pri-

868 3878 1063 3920 mum
1107 3853 1318 3919 edidit
1362 3853 1755 3938 Publilium,
1801 3865 1873 3920 ut
1915 3866 2138 3921 narrat
2183 3856 2634 3942 Schweigerus
2651 3906 2670 3940 ,
2715 3860 2785 3922 in
2829 3856 3169 3942 elegantiis

869 3979 909 4021 e
956 3956 1201 4021 Plauto
1245 3977 1323 4019 ac
1363 3955 1672 4022 Terentio
1716 3957 2005 4022 collectis
2035 3957 2301 4045 Lipsiae
2335 3959 2516 4041 1550,
2563 3959 2735 4023 haud
2780 3958 2981 4023 multo
3025 3967 3172 4045 post

864 4062 1307 4143 Argentorati
1355 4057 1538 4141 1554,
1584 4060 1642 4122 si
1686 4057 1850 4123 fides
1895 4068 1995 4123 est
2040 4058 2271 4143 Zellio,
2315 4082 2446 4124 una
2488 4083 2637 4125 cum
2668 4062 2937 4126 Catonis
2982 4059 3169 4124 disti-

866 4160 1061 4243 chis3
1116 4159 1328 4224 denuo
1370 4158 1646 4245 Lipsiae
1688 4181 1744 4223 a.
1797 4161 1979 4227 1560.
2030 4162 2212 4226 1567.
2264 4162 2446 4227 1571.
2498 4162 2693 4243 1581,
2751 4161 2987 4247 quibus
3032 4160 3169 4225 edi-

862 4261 1173 4325 tionibus
1231 4260 1500 4325 editoris
1557 4260 1837 4350 epistula
1891 4261 2299 4329 dedicatoria
2339 4286 2398 4328 a.
2451 4263 2612 4328 1558
2657 4271 2722 4326 et
2778 4262 3172 4349 typographi

864 4361 1204 4449 praefatio
1246 4385 1306 4425 a.
1362 4364 1522 4428 1559
1566 4365 1809 4451 scripta
1850 4365 2249 4450 praemissae
2293 4373 2465 4429 sunt.

1053 4462 1315 4528 Deinde
1357 4462 1632 4529 Publilii
1674 4467 2030 4532 sententias
2074 4488 2191 4553 per
2233 4464 2407 4534 locos
2453 4485 2824 4531 communes
2870 4464 3165 4551 digestas
