<?xml version="1.0" encoding="UTF-8"?>
<!DOCTYPE html PUBLIC "-//W3C//DTD XHTML 1.0 Transitional//EN"
    "http://www.w3.org/TR/xhtml1/DTD/xhtml1-transitional.dtd">
<html xmlns="http://www.w3.org/1999/xhtml" xml:lang="en" lang="en">
 <head>
  <title>
</title>
<meta http-equiv="Content-Type" content="text/html;charset=utf-8" />
  <meta name='ocr-system' content='tesseract 3.04.00' />
  <meta name='ocr-capabilities' content='ocr_page ocr_carea ocr_par ocr_line ocrx_word'/>
</head>
<body>
  <div class='ocr_page' id='page_1' title='image "./publiliisyrisen01martgoog_0065.png"; bbox 0 0 3209 5184; ppageno 0'>
   <div class='ocr_carea' id='block_1_1' title="bbox 1162 406 2650 499">
    <p class='ocr_par' dir='ltr' id='par_1_1' title="bbox 1162 406 2650 499">
     <span class='ocr_line' id='line_1_1' title="bbox 1162 406 2650 499; baseline 0.005 -22"><span class='ocrx_word' id='word_1_1' title='bbox 1162 406 1731 482; x_wconf 51' lang='lat' dir='ltr'>&#39;PROLEGOMENAL</span> <span class='ocrx_word' id='word_1_2' title='bbox 1754 423 1758 429; x_wconf 83' lang='grc'><em>’</em></span> <span class='ocrx_word' id='word_1_3' title='bbox 2471 444 2476 459; x_wconf 79' lang='lat'><strong><em>¹</em></strong></span> <span class='ocrx_word' id='word_1_4' title='bbox 2508 420 2589 486; x_wconf 85' lang='lat'>57</span> <span class='ocrx_word' id='word_1_5' title='bbox 2645 494 2650 499; x_wconf 51' lang='grc'>,</span> 
     </span>
    </p>
   </div>
   <div class='ocr_carea' id='block_1_2' title="bbox 228 586 2594 1997">
    <p class='ocr_par' dir='ltr' id='par_1_2' title="bbox 228 586 2593 1388">
     <span class='ocr_line' id='line_1_2' title="bbox 467 586 2589 676; baseline 0.001 -24"><span class='ocrx_word' id='word_1_6' title='bbox 467 586 799 674; x_wconf 81' lang='lat' dir='ltr'>Sequente</span> <span class='ocrx_word' id='word_1_7' title='bbox 843 595 1236 651; x_wconf 82' lang='lat' dir='ltr'>consonante</span> <span class='ocrx_word' id='word_1_8' title='bbox 1278 608 1355 653; x_wconf 75' lang='lat' dir='ltr'>us</span> <span class='ocrx_word' id='word_1_9' title='bbox 1397 587 1516 673; x_wconf 67' lang='grc' dir='ltr'>(α’)</span> <span class='ocrx_word' id='word_1_10' title='bbox 1566 589 1806 676; x_wconf 84' lang='lat' dir='ltr'>corripi</span> <span class='ocrx_word' id='word_1_11' title='bbox 1849 611 2066 675; x_wconf 85' lang='lat' dir='ltr'>posse,</span> <span class='ocrx_word' id='word_1_12' title='bbox 2125 610 2290 675; x_wconf 89' lang='lat' dir='ltr'>quae</span> <span class='ocrx_word' id='word_1_13' title='bbox 2335 599 2434 654; x_wconf 88' lang='lat' dir='ltr'>est</span> <span class='ocrx_word' id='word_1_14' title='bbox 2476 612 2589 654; x_wconf 85' lang='lat' dir='ltr'>an-</span> 
     </span>
     <span class='ocr_line' id='line_1_3' title="bbox 292 687 2588 778; baseline 0 -23"><span class='ocrx_word' id='word_1_15' title='bbox 292 692 657 776; x_wconf 90' lang='lat' dir='ltr'>tiquiorum</span> <span class='ocrx_word' id='word_1_16' title='bbox 701 697 1036 776; x_wconf 86' lang='lat' dir='ltr'>poetarum</span> <span class='ocrx_word' id='word_1_17' title='bbox 1078 687 1373 777; x_wconf 75' lang='lat' dir='ltr'>licentia,</span> <span class='ocrx_word' id='word_1_18' title='bbox 1432 712 1661 777; x_wconf 88' lang='lat' dir='ltr'>parum</span> <span class='ocrx_word' id='word_1_19' title='bbox 1708 689 2020 754; x_wconf 84' lang='lat' dir='ltr'>credibile</span> <span class='ocrx_word' id='word_1_20' title='bbox 2066 700 2196 774; x_wconf 83' lang='lat' dir='ltr'>est,</span> <span class='ocrx_word' id='word_1_21' title='bbox 2255 713 2401 754; x_wconf 93' lang='lat' dir='ltr'>cum</span> <span class='ocrx_word' id='word_1_22' title='bbox 2445 714 2588 778; x_wconf 90' lang='lat' dir='ltr'>per-</span> 
     </span>
     <span class='ocr_line' id='line_1_4' title="bbox 244 790 2589 880; baseline 0 -24"><span class='ocrx_word' id='word_1_23' title='bbox 244 811 265 829; x_wconf 86' lang='lat'><strong>·</strong></span> <span class='ocrx_word' id='word_1_24' title='bbox 293 792 490 880; x_wconf 87' lang='lat' dir='ltr'>pauci</span> <span class='ocrx_word' id='word_1_25' title='bbox 545 811 814 869; x_wconf 77' lang='lat' dir='ltr'>versuS,</span> <span class='ocrx_word' id='word_1_26' title='bbox 869 791 939 853; x_wconf 91' lang='lat' dir='ltr'>in</span> <span class='ocrx_word' id='word_1_27' title='bbox 984 790 1220 876; x_wconf 88' lang='lat' dir='ltr'>quibus</span> <span class='ocrx_word' id='word_1_28' title='bbox 1275 791 1345 854; x_wconf 91' lang='lat' dir='ltr'>id</span> <span class='ocrx_word' id='word_1_29' title='bbox 1391 790 1638 854; x_wconf 89' lang='lat' dir='ltr'>factum</span> <span class='ocrx_word' id='word_1_30' title='bbox 1693 813 1836 869; x_wconf 85' lang='lat' dir='ltr'>esse</span> <span class='ocrx_word' id='word_1_31' title='bbox 1881 792 2175 875; x_wconf 89' lang='lat' dir='ltr'>videtur,</span> <span class='ocrx_word' id='word_1_32' title='bbox 2235 791 2589 857; x_wconf 87' lang='lat' dir='ltr'>lenissimis</span> 
     </span>
     <span class='ocr_line' id='line_1_5' title="bbox 291 891 2593 980; baseline 0 -23"><span class='ocrx_word' id='word_1_33' title='bbox 291 892 610 957; x_wconf 85' lang='lat' dir='ltr'>remediis</span> <span class='ocrx_word' id='word_1_34' title='bbox 680 892 898 955; x_wconf 88' lang='lat' dir='ltr'>sanari</span> <span class='ocrx_word' id='word_1_35' title='bbox 952 892 1223 978; x_wconf 83' lang='lat' dir='ltr'>possint.</span> <span class='ocrx_word' id='word_1_36' title='bbox 1313 891 1415 956; x_wconf 82' lang='lat' dir='ltr'>Cf.</span> <span class='ocrx_word' id='word_1_37' title='bbox 1473 913 1538 955; x_wconf 82' lang='lat' dir='ltr'>v.</span> <span class='ocrx_word' id='word_1_38' title='bbox 1592 894 1717 957; x_wconf 83' lang='lat'>387</span> <span class='ocrx_word' id='word_1_39' title='bbox 1728 945 1742 966; x_wconf 72' lang='grc'>.,</span> <span class='ocrx_word' id='word_1_40' title='bbox 1800 893 1948 957; x_wconf 83' lang='lat'><strong>632.</strong></span> <span class='ocrx_word' id='word_1_41' title='bbox 2034 893 2267 980; x_wconf 88' lang='lat' dir='ltr'>Itaque</span> <span class='ocrx_word' id='word_1_42' title='bbox 2323 894 2593 959; x_wconf 87' lang='lat' dir='ltr'>videtur</span> 
     </span>
     <span class='ocr_line' id='line_1_6' title="bbox 293 992 2588 1082; baseline 0.001 -24"><span class='ocrx_word' id='word_1_43' title='bbox 293 992 657 1074; x_wconf 74' lang='lat' dir='ltr'>Publilius»,</span> <span class='ocrx_word' id='word_1_44' title='bbox 715 992 799 1056; x_wconf 94' lang='lat' dir='ltr'>ob</span> <span class='ocrx_word' id='word_1_45' title='bbox 843 1014 1203 1056; x_wconf 87' lang='lat' dir='ltr'>sermonem</span> <span class='ocrx_word' id='word_1_46' title='bbox 1262 994 1682 1080; x_wconf 85' lang='lat' dir='ltr'>purissimum</span> <span class='ocrx_word' id='word_1_47' title='bbox 1736 1003 1918 1058; x_wconf 89' lang='lat' dir='ltr'>tanto</span> <span class='ocrx_word' id='word_1_48' title='bbox 1963 1017 2153 1082; x_wconf 86' lang='lat' dir='ltr'>opere</span> <span class='ocrx_word' id='word_1_49' title='bbox 2200 995 2588 1078; x_wconf 80' lang='lat' dir='ltr'>celebratuS,</span> 
     </span>
     <span class='ocr_line' id='line_1_7' title="bbox 228 1094 2587 1183; baseline 0 -20"><span class='ocrx_word' id='word_1_50' title='bbox 228 1156 237 1163; x_wconf 90' lang='lat'><strong>.</strong></span> <span class='ocrx_word' id='word_1_51' title='bbox 294 1099 368 1160; x_wconf 89' lang='lat' dir='ltr'>in</span> <span class='ocrx_word' id='word_1_52' title='bbox 409 1106 554 1160; x_wconf 88' lang='lat' dir='ltr'>arte</span> <span class='ocrx_word' id='word_1_53' title='bbox 601 1117 862 1180; x_wconf 89' lang='lat' dir='ltr'>quoque</span> <span class='ocrx_word' id='word_1_54' title='bbox 905 1094 1392 1181; x_wconf 86' lang='lat' dir='ltr'>pangendorum</span> <span class='ocrx_word' id='word_1_55' title='bbox 1436 1117 1746 1159; x_wconf 88' lang='lat' dir='ltr'>versuum</span> <span class='ocrx_word' id='word_1_56' title='bbox 1790 1099 2054 1183; x_wconf 86' lang='lat' dir='ltr'>propior</span> <span class='ocrx_word' id='word_1_57' title='bbox 2098 1119 2239 1161; x_wconf 92' lang='lat' dir='ltr'>esse</span> <span class='ocrx_word' id='word_1_58' title='bbox 2270 1098 2587 1183; x_wconf 85' lang='lat' dir='ltr'>Vergilio,</span> 
     </span>
     <span class='ocr_line' id='line_1_8' title="bbox 295 1196 2589 1285; baseline 0 -23"><span class='ocrx_word' id='word_1_59' title='bbox 295 1221 494 1285; x_wconf 83' lang='lat' dir='ltr'>quam</span> <span class='ocrx_word' id='word_1_60' title='bbox 523 1196 760 1260; x_wconf 85' lang='lat' dir='ltr'>Plauto</span> <span class='ocrx_word' id='word_1_61' title='bbox 805 1205 871 1259; x_wconf 92' lang='lat' dir='ltr'>et</span> <span class='ocrx_word' id='word_1_62' title='bbox 911 1196 1215 1261; x_wconf 85' lang='lat' dir='ltr'>Lucretio</span> <span class='ocrx_word' id='word_1_63' title='bbox 1262 1218 1536 1283; x_wconf 91' lang='lat' dir='ltr'>quoque,</span> <span class='ocrx_word' id='word_1_64' title='bbox 1581 1207 1657 1262; x_wconf 91' lang='lat' dir='ltr'>ut</span> <span class='ocrx_word' id='word_1_65' title='bbox 1701 1220 1962 1262; x_wconf 85' lang='lat' dir='ltr'>versum</span> <span class='ocrx_word' id='word_1_66' title='bbox 1991 1199 2115 1263; x_wconf 86' lang='lat'>638</span> <span class='ocrx_word' id='word_1_67' title='bbox 2149 1200 2414 1284; x_wconf 73' lang='lat' dir='ltr'>(yravi’)</span> <span class='ocrx_word' id='word_1_68' title='bbox 2461 1222 2589 1264; x_wconf 89' lang='lat' dir='ltr'>non</span> 
     </span>
     <span class='ocr_line' id='line_1_9' title="bbox 292 1293 2281 1388; baseline 0 -24"><span class='ocrx_word' id='word_1_69' title='bbox 292 1301 668 1388; x_wconf 89' lang='lat' dir='ltr'>profectum</span> <span class='ocrx_word' id='word_1_70' title='bbox 714 1319 856 1361; x_wconf 88' lang='lat' dir='ltr'>esse</span> <span class='ocrx_word' id='word_1_71' title='bbox 898 1320 937 1360; x_wconf 91' lang='lat' dir='ltr'>a</span> <span class='ocrx_word' id='word_1_72' title='bbox 981 1296 1263 1368; x_wconf 90' lang='lat' dir='ltr'>Publilio</span> <span class='ocrx_word' id='word_1_73' title='bbox 1309 1293 1426 1384; x_wconf 79' lang='lat' dir='ltr'>pro</span> <span class='ocrx_word' id='word_1_74' title='bbox 1472 1308 1649 1364; x_wconf 89' lang='lat' dir='ltr'>certo</span> <span class='ocrx_word' id='word_1_75' title='bbox 1694 1299 2007 1363; x_wconf 87' lang='lat' dir='ltr'>affirmari</span> <span class='ocrx_word' id='word_1_76' title='bbox 2051 1300 2281 1388; x_wconf 79' lang='lat' dir='ltr'>possit.</span> 
     </span>
    </p>

    <p class='ocr_par' dir='ltr' id='par_1_3' title="bbox 293 1399 2594 1997">
     <span class='ocr_line' id='line_1_10' title="bbox 468 1399 2587 1486; baseline 0.001 -23"><span class='ocrx_word' id='word_1_77' title='bbox 468 1399 795 1479; x_wconf 77' lang='lat' dir='ltr'>Quintum</span> <span class='ocrx_word' id='word_1_78' title='bbox 839 1401 1235 1465; x_wconf 87' lang='lat' dir='ltr'>senariorum</span> <span class='ocrx_word' id='word_1_79' title='bbox 1279 1400 1513 1486; x_wconf 91' lang='lat' dir='ltr'>pedem</span> <span class='ocrx_word' id='word_1_80' title='bbox 1542 1423 1688 1464; x_wconf 88' lang='lat' dir='ltr'>raro</span> <span class='ocrx_word' id='word_1_81' title='bbox 1716 1401 2069 1465; x_wconf 86' lang='lat' dir='ltr'>admodum</span> <span class='ocrx_word' id='word_1_82' title='bbox 2099 1412 2394 1466; x_wconf 87' lang='lat' dir='ltr'>constare</span> <span class='ocrx_word' id='word_1_83' title='bbox 2425 1403 2587 1465; x_wconf 91' lang='lat' dir='ltr'>iam-</span> 
     </span>
     <span class='ocr_line' id='line_1_11' title="bbox 294 1486 2594 1589; baseline -0 -20"><span class='ocrx_word' id='word_1_84' title='bbox 294 1506 384 1569; x_wconf 89' lang='lat' dir='ltr'>bo</span> <span class='ocrx_word' id='word_1_85' title='bbox 439 1524 606 1589; x_wconf 90' lang='lat' dir='ltr'>puro</span> <span class='ocrx_word' id='word_1_86' title='bbox 673 1523 778 1565; x_wconf 89' lang='lat' dir='ltr'>res</span> <span class='ocrx_word' id='word_1_87' title='bbox 835 1512 932 1566; x_wconf 90' lang='lat' dir='ltr'>est</span> <span class='ocrx_word' id='word_1_88' title='bbox 996 1503 1359 1566; x_wconf 86' lang='lat' dir='ltr'>notissima.</span> <span class='ocrx_word' id='word_1_89' title='bbox 1447 1486 1959 1566; x_wconf 78' lang='lat' dir='ltr'>Excusationem</span> <span class='ocrx_word' id='word_1_90' title='bbox 2035 1502 2295 1589; x_wconf 92' lang='lat' dir='ltr'>quidem</span> <span class='ocrx_word' id='word_1_91' title='bbox 2353 1503 2594 1568; x_wconf 90' lang='lat' dir='ltr'>habent</span> 
     </span>
     <span class='ocr_line' id='line_1_12' title="bbox 294 1602 2591 1691; baseline 0.001 -22"><span class='ocrx_word' id='word_1_92' title='bbox 294 1603 623 1671; x_wconf 79' lang='lat' dir='ltr'>vocabula</span> <span class='ocrx_word' id='word_1_93' title='bbox 678 1604 962 1689; x_wconf 89' lang='lat' dir='ltr'>quinque</span> <span class='ocrx_word' id='word_1_94' title='bbox 1017 1602 1126 1666; x_wconf 82' lang='lat' dir='ltr'>vel</span> <span class='ocrx_word' id='word_1_95' title='bbox 1179 1625 1298 1668; x_wconf 88' lang='lat' dir='ltr'>sex</span> <span class='ocrx_word' id='word_1_96' title='bbox 1343 1602 1774 1691; x_wconf 82' lang='lat' dir='ltr'>syllabarum,</span> <span class='ocrx_word' id='word_1_97' title='bbox 1832 1627 1934 1668; x_wconf 90' lang='lat' dir='ltr'>ex.</span> <span class='ocrx_word' id='word_1_98' title='bbox 1982 1628 2081 1689; x_wconf 88' lang='lat' dir='ltr'>gr.</span> <span class='ocrx_word' id='word_1_99' title='bbox 2129 1628 2194 1669; x_wconf 80' lang='lat' dir='ltr'>v.</span> <span class='ocrx_word' id='word_1_100' title='bbox 2239 1605 2325 1670; x_wconf 86' lang='lat'>34</span> <span class='ocrx_word' id='word_1_101' title='bbox 2363 1606 2591 1671; x_wconf 72' lang='lat' dir='ltr'>solliei-</span> 
     </span>
     <span class='ocr_line' id='line_1_13' title="bbox 294 1704 2591 1793; baseline -0.001 -21"><span class='ocrx_word' id='word_1_102' title='bbox 294 1709 569 1786; x_wconf 76' lang='lat' dir='ltr'>tudinis,</span> <span class='ocrx_word' id='word_1_103' title='bbox 637 1727 703 1767; x_wconf 83' lang='lat' dir='ltr'>v.</span> <span class='ocrx_word' id='word_1_104' title='bbox 746 1705 840 1769; x_wconf 62' lang='lat'>177</span> <span class='ocrx_word' id='word_1_105' title='bbox 898 1706 1362 1785; x_wconf 74' lang='lat' dir='ltr'>misericordia;</span> <span class='ocrx_word' id='word_1_106' title='bbox 1430 1704 1547 1770; x_wconf 91' lang='lat' dir='ltr'>sed</span> <span class='ocrx_word' id='word_1_107' title='bbox 1601 1715 1777 1770; x_wconf 90' lang='lat' dir='ltr'>recte</span> <span class='ocrx_word' id='word_1_108' title='bbox 1833 1708 2098 1793; x_wconf 88' lang='lat' dir='ltr'>pessimi</span> <span class='ocrx_word' id='word_1_109' title='bbox 2155 1729 2386 1771; x_wconf 90' lang='lat' dir='ltr'>versus</span> <span class='ocrx_word' id='word_1_110' title='bbox 2448 1728 2591 1771; x_wconf 88' lang='lat' dir='ltr'>esse</span> 
     </span>
     <span class='ocr_line' id='line_1_14' title="bbox 293 1807 2593 1894; baseline -0 -20"><span class='ocrx_word' id='word_1_111' title='bbox 293 1810 710 1890; x_wconf 87' lang='lat' dir='ltr'>iudicantur,</span> <span class='ocrx_word' id='word_1_112' title='bbox 781 1828 924 1870; x_wconf 92' lang='lat' dir='ltr'>cum</span> <span class='ocrx_word' id='word_1_113' title='bbox 992 1807 1317 1893; x_wconf 61' lang='lat' dir='ltr'>quintum‘</span> <span class='ocrx_word' id='word_1_114' title='bbox 1346 1817 1410 1872; x_wconf 89' lang='lat' dir='ltr'>et</span> <span class='ocrx_word' id='word_1_115' title='bbox 1464 1816 1723 1872; x_wconf 88' lang='lat' dir='ltr'>sextum</span> <span class='ocrx_word' id='word_1_116' title='bbox 1789 1808 2023 1894; x_wconf 92' lang='lat' dir='ltr'>pedem</span> <span class='ocrx_word' id='word_1_117' title='bbox 2090 1808 2220 1874; x_wconf 94' lang='lat' dir='ltr'>duo</span> <span class='ocrx_word' id='word_1_118' title='bbox 2275 1808 2593 1873; x_wconf 85' lang='lat' dir='ltr'>vocabula</span> 
     </span>
     <span class='ocr_line' id='line_1_15' title="bbox 294 1907 2517 1997; baseline -0.001 -22"><span class='ocrx_word' id='word_1_119' title='bbox 294 1908 631 1996; x_wconf 88' lang='lat' dir='ltr'>bisyllaba</span> <span class='ocrx_word' id='word_1_120' title='bbox 676 1919 1043 1993; x_wconf 57' lang='lat' dir='ltr'>occupant„</span> <span class='ocrx_word' id='word_1_121' title='bbox 1102 1908 1325 1988; x_wconf 78' lang='lat' dir='ltr'>Quare</span> <span class='ocrx_word' id='word_1_122' title='bbox 1367 1908 1527 1973; x_wconf 83' lang='lat' dir='ltr'>ferri</span> <span class='ocrx_word' id='word_1_123' title='bbox 1570 1907 1747 1991; x_wconf 86' lang='lat' dir='ltr'>nullo</span> <span class='ocrx_word' id='word_1_124' title='bbox 1790 1909 1984 1974; x_wconf 90' lang='lat' dir='ltr'>modo</span> <span class='ocrx_word' id='word_1_125' title='bbox 2028 1912 2241 1997; x_wconf 85' lang='lat' dir='ltr'>potuit</span> <span class='ocrx_word' id='word_1_126' title='bbox 2286 1932 2350 1974; x_wconf 82' lang='lat' dir='ltr'>v.</span> <span class='ocrx_word' id='word_1_127' title='bbox 2400 1911 2517 1975; x_wconf 86' lang='lat'>10:</span> 
     </span>
    </p>
   </div>
   <div class='ocr_carea' id='block_1_3' title="bbox 878 2065 1931 2140">
    <p class='ocr_par' dir='ltr' id='par_1_4' title="bbox 878 2065 1931 2140">
     <span class='ocr_line' id='line_1_16' title="bbox 878 2065 1931 2140; baseline 0.003 -17"><span class='ocrx_word' id='word_1_128' title='bbox 878 2065 1075 2125; x_wconf 62' lang='lat' dir='ltr'>Amice?</span> <span class='ocrx_word' id='word_1_129' title='bbox 1115 2069 1259 2125; x_wconf 74' lang='lat' dir='ltr'>ve&#39;te&#39;a</span> <span class='ocrx_word' id='word_1_130' title='bbox 1301 2068 1354 2124; x_wconf 68' lang='grc' dir='ltr'>εἰ</span> <span class='ocrx_word' id='word_1_131' title='bbox 1394 2067 1571 2139; x_wconf 78' lang='lat' dir='ltr'>feras,</span> <span class='ocrx_word' id='word_1_132' title='bbox 1615 2068 1766 2140; x_wconf 64' lang='lat' dir='ltr'>faceis</span> <span class='ocrx_word' id='word_1_133' title='bbox 1808 2072 1931 2136; x_wconf 78' lang='lat' dir='ltr'>tua,</span> 
     </span>
    </p>
   </div>
   <div class='ocr_carea' id='block_1_4' title="bbox 298 2212 2593 2482">
    <p class='ocr_par' dir='ltr' id='par_1_5' title="bbox 298 2212 2593 2482">
     <span class='ocr_line' id='line_1_17' title="bbox 298 2212 2589 2300; baseline 0 -21"><span class='ocrx_word' id='word_1_134' title='bbox 298 2215 419 2279; x_wconf 89' lang='lat' dir='ltr'>sed</span> <span class='ocrx_word' id='word_1_135' title='bbox 484 2212 930 2300; x_wconf 76' lang='lat' dir='ltr'>adstipulante</span> <span class='ocrx_word' id='word_1_136' title='bbox 997 2213 1219 2277; x_wconf 89' lang='lat' dir='ltr'>codice</span> <span class='ocrx_word' id='word_1_137' title='bbox 1275 2213 1628 2278; x_wconf 88' lang='lat' dir='ltr'>Basiliensi</span> <span class='ocrx_word' id='word_1_138' title='bbox 1694 2214 2110 2278; x_wconf 88' lang='lat' dir='ltr'>scribendum</span> <span class='ocrx_word' id='word_1_139' title='bbox 2177 2214 2303 2279; x_wconf 85' lang='lat' dir='ltr'>fuit</span> <span class='ocrx_word' id='word_1_140' title='bbox 2363 2217 2589 2297; x_wconf 66' lang='lat' dir='ltr'>facia-3.</span> 
     </span>
     <span class='ocr_line' id='line_1_18' title="bbox 300 2314 2593 2403; baseline 0 -22"><span class='ocrx_word' id='word_1_141' title='bbox 300 2316 758 2403; x_wconf 82' lang='lat' dir='ltr'>Suspicionem</span> <span class='ocrx_word' id='word_1_142' title='bbox 811 2315 1118 2379; x_wconf 89' lang='lat' dir='ltr'>movebat</span> <span class='ocrx_word' id='word_1_143' title='bbox 1162 2314 1268 2379; x_wconf 84' lang='lat' dir='ltr'>vel</span> <span class='ocrx_word' id='word_1_144' title='bbox 1309 2337 1348 2378; x_wconf 86' lang='lat' dir='ltr'>a</span> <span class='ocrx_word' id='word_1_145' title='bbox 1392 2325 1599 2380; x_wconf 87' lang='lat' dir='ltr'>metro</span> <span class='ocrx_word' id='word_1_146' title='bbox 1646 2338 1709 2380; x_wconf 79' lang='lat' dir='ltr'>v,</span> <span class='ocrx_word' id='word_1_147' title='bbox 1755 2316 1881 2381; x_wconf 82' lang='lat'>536</span> <span class='ocrx_word' id='word_1_148' title='bbox 1928 2366 1941 2381; x_wconf 90' lang='lat'><strong>.</strong></span> <span class='ocrx_word' id='word_1_149' title='bbox 1991 2366 2005 2380; x_wconf 91' lang='lat'><strong>.</strong></span> <span class='ocrx_word' id='word_1_150' title='bbox 2053 2364 2068 2382; x_wconf 90' lang='lat'><strong>.</strong></span> <span class='ocrx_word' id='word_1_151' title='bbox 2115 2318 2307 2382; x_wconf 75' lang='lat' dir='ltr'>datur</span> <span class='ocrx_word' id='word_1_152' title='bbox 2338 2318 2593 2400; x_wconf 77' lang='lat' dir='ltr'>probis;</span> 
     </span>
     <span class='ocr_line' id='line_1_19' title="bbox 298 2402 1533 2482; baseline -0.002 -1"><span class='ocrx_word' id='word_1_153' title='bbox 298 2402 636 2482; x_wconf 81' lang='lat' dir='ltr'>reicienda</span> <span class='ocrx_word' id='word_1_154' title='bbox 680 2417 809 2481; x_wconf 87' lang='lat' dir='ltr'>fuit</span> <span class='ocrx_word' id='word_1_155' title='bbox 853 2439 919 2480; x_wconf 85' lang='lat' dir='ltr'>v.</span> <span class='ocrx_word' id='word_1_156' title='bbox 964 2416 1092 2480; x_wconf 78' lang='lat'>322</span> <span class='ocrx_word' id='word_1_157' title='bbox 1136 2418 1533 2482; x_wconf 88' lang='lat' dir='ltr'>coniectura:</span> 
     </span>
    </p>
   </div>
   <div class='ocr_carea' id='block_1_5' title="bbox 584 2576 2252 2650">
    <p class='ocr_par' dir='ltr' id='par_1_6' title="bbox 584 2576 2252 2650">
     <span class='ocr_line' id='line_1_20' title="bbox 584 2576 2252 2650; baseline 0.001 -17"><span class='ocrx_word' id='word_1_158' title='bbox 584 2576 796 2633; x_wconf 77' lang='lat' dir='ltr'>Minus</span> <span class='ocrx_word' id='word_1_159' title='bbox 839 2581 919 2634; x_wconf 79' lang='lat' dir='ltr'>est</span> <span class='ocrx_word' id='word_1_160' title='bbox 962 2595 1137 2648; x_wconf 74' lang='lat' dir='ltr'>quam</span> <span class='ocrx_word' id='word_1_161' title='bbox 1179 2595 1378 2635; x_wconf 74' lang='lat' dir='ltr'>servus</span> <span class='ocrx_word' id='word_1_162' title='bbox 1421 2577 1731 2645; x_wconf 52' lang='lat' dir='ltr'>dominuss</span> <span class='ocrx_word' id='word_1_163' title='bbox 1757 2579 1858 2650; x_wconf 67' lang='lat' dir='ltr'>quel</span> <span class='ocrx_word' id='word_1_164' title='bbox 1898 2595 2035 2636; x_wconf 76' lang='lat' dir='ltr'>suos</span> <span class='ocrx_word' id='word_1_165' title='bbox 2078 2578 2252 2637; x_wconf 77' lang='lat' dir='ltr'>timet.</span> 
     </span>
    </p>
   </div>
   <div class='ocr_carea' id='block_1_6' title="bbox 168 2704 2588 2811">
    <p class='ocr_par' dir='ltr' id='par_1_7' title="bbox 168 2704 2588 2811">
     <span class='ocr_line' id='line_1_21' title="bbox 168 2704 2588 2811; baseline 0 -24"><span class='ocrx_word' id='word_1_166' title='bbox 168 2704 177 2713; x_wconf 42' lang='lat'><em>⁸</em></span> <span class='ocrx_word' id='word_1_167' title='bbox 296 2723 383 2787; x_wconf 89' lang='lat' dir='ltr'>V.</span> <span class='ocrx_word' id='word_1_168' title='bbox 431 2723 553 2788; x_wconf 84' lang='lat'>307</span> <span class='ocrx_word' id='word_1_169' title='bbox 602 2722 648 2806; x_wconf 84' lang='lat'>(.</span> <span class='ocrx_word' id='word_1_170' title='bbox 694 2772 713 2801; x_wconf 47' lang='grc'>,.</span> <span class='ocrx_word' id='word_1_171' title='bbox 762 2772 776 2785; x_wconf 92' lang='grc'><strong>.</strong></span> <span class='ocrx_word' id='word_1_172' title='bbox 821 2724 990 2804; x_wconf 75' lang='lat' dir='ltr'>iynis</span> <span class='ocrx_word' id='word_1_173' title='bbox 1031 2723 1259 2807; x_wconf 72' lang='lat' dir='ltr'>potest)</span> <span class='ocrx_word' id='word_1_174' title='bbox 1318 2724 1617 2810; x_wconf 89' lang='lat' dir='ltr'>quintum</span> <span class='ocrx_word' id='word_1_175' title='bbox 1672 2723 1902 2810; x_wconf 91' lang='lat' dir='ltr'>pedem</span> <span class='ocrx_word' id='word_1_176' title='bbox 1961 2724 2286 2811; x_wconf 89' lang='lat' dir='ltr'>spondeus</span> <span class='ocrx_word' id='word_1_177' title='bbox 2343 2723 2588 2811; x_wconf 81' lang='lat' dir='ltr'>explet,</span> 
     </span>
    </p>
   </div>
   <div class='ocr_carea' id='block_1_7' title="bbox 290 2818 2594 3319">
    <p class='ocr_par' dir='ltr' id='par_1_8' title="bbox 290 2818 2594 3319">
     <span class='ocr_line' id='line_1_22' title="bbox 296 2818 2594 2911; baseline -0 -23"><span class='ocrx_word' id='word_1_178' title='bbox 296 2838 373 2890; x_wconf 90' lang='lat' dir='ltr'>ut</span> <span class='ocrx_word' id='word_1_179' title='bbox 418 2824 612 2888; x_wconf 90' lang='lat' dir='ltr'>modo</span> <span class='ocrx_word' id='word_1_180' title='bbox 658 2822 966 2905; x_wconf 78' lang='lat' dir='ltr'>vidimuS,</span> <span class='ocrx_word' id='word_1_181' title='bbox 1012 2845 1142 2887; x_wconf 92' lang='lat' dir='ltr'>non</span> <span class='ocrx_word' id='word_1_182' title='bbox 1184 2824 1464 2889; x_wconf 88' lang='lat' dir='ltr'>iambus.</span> <span class='ocrx_word' id='word_1_183' title='bbox 1554 2818 1872 2911; x_wconf 86' lang='lat' dir='ltr'>Adeoque</span> <span class='ocrx_word' id='word_1_184' title='bbox 1902 2825 2225 2891; x_wconf 82' lang='lat' dir='ltr'>Publilius</span> <span class='ocrx_word' id='word_1_185' title='bbox 2268 2829 2338 2890; x_wconf 90' lang='lat' dir='ltr'>in</span> <span class='ocrx_word' id='word_1_186' title='bbox 2369 2828 2594 2911; x_wconf 84' lang='lat' dir='ltr'>quinta</span> 
     </span>
     <span class='ocr_line' id='line_1_23' title="bbox 301 2923 2588 3015; baseline -0 -25"><span class='ocrx_word' id='word_1_187' title='bbox 301 2927 460 2991; x_wconf 86' lang='lat' dir='ltr'>sede</span> <span class='ocrx_word' id='word_1_188' title='bbox 501 2923 823 2991; x_wconf 86' lang='lat' dir='ltr'>vocabula</span> <span class='ocrx_word' id='word_1_189' title='bbox 866 2925 1145 2989; x_wconf 89' lang='lat' dir='ltr'>iambica</span> <span class='ocrx_word' id='word_1_190' title='bbox 1190 2927 1488 3007; x_wconf 87' lang='lat' dir='ltr'>evitavit,</span> <span class='ocrx_word' id='word_1_191' title='bbox 1536 2935 1609 2991; x_wconf 89' lang='lat' dir='ltr'>ut</span> <span class='ocrx_word' id='word_1_192' title='bbox 1653 2949 1717 2990; x_wconf 90' lang='lat' dir='ltr'>v.</span> <span class='ocrx_word' id='word_1_193' title='bbox 1748 2928 1898 3009; x_wconf 83' lang='lat'>584,</span> <span class='ocrx_word' id='word_1_194' title='bbox 1946 2949 2137 3014; x_wconf 90' lang='lat' dir='ltr'>quem</span> <span class='ocrx_word' id='word_1_195' title='bbox 2179 2926 2442 3015; x_wconf 89' lang='lat' dir='ltr'>plurimi</span> <span class='ocrx_word' id='word_1_196' title='bbox 2473 2948 2588 3012; x_wconf 90' lang='lat' dir='ltr'>pro</span> 
     </span>
     <span class='ocr_line' id='line_1_24' title="bbox 300 3025 2590 3115; baseline -0.001 -23"><span class='ocrx_word' id='word_1_197' title='bbox 300 3030 561 3093; x_wconf 88' lang='lat' dir='ltr'>senario</span> <span class='ocrx_word' id='word_1_198' title='bbox 592 3026 859 3107; x_wconf 83' lang='lat' dir='ltr'>habent,</span> <span class='ocrx_word' id='word_1_199' title='bbox 903 3025 1205 3092; x_wconf 87' lang='lat' dir='ltr'>maluerit</span> <span class='ocrx_word' id='word_1_200' title='bbox 1235 3029 1521 3094; x_wconf 88' lang='lat' dir='ltr'>scribere</span> <span class='ocrx_word' id='word_1_201' title='bbox 1538 3031 1759 3111; x_wconf 74' lang='lat' dir='ltr'>possit,</span> <span class='ocrx_word' id='word_1_202' title='bbox 1809 3051 2002 3115; x_wconf 89' lang='lat' dir='ltr'>quam</span> <span class='ocrx_word' id='word_1_203' title='bbox 2034 3029 2209 3115; x_wconf 90' lang='lat' dir='ltr'>quod</span> <span class='ocrx_word' id='word_1_204' title='bbox 2239 3027 2351 3091; x_wconf 91' lang='lat' dir='ltr'>lex</span> <span class='ocrx_word' id='word_1_205' title='bbox 2377 3049 2590 3111; x_wconf 88' lang='lat' dir='ltr'>gram-</span> 
     </span>
     <span class='ocr_line' id='line_1_25' title="bbox 290 3126 2593 3217; baseline 0 -25"><span class='ocrx_word' id='word_1_206' title='bbox 290 3130 542 3194; x_wconf 76' lang='lat' dir='ltr'>matica</span> <span class='ocrx_word' id='word_1_207' title='bbox 583 3126 979 3215; x_wconf 83' lang='lat' dir='ltr'>postulabat,</span> <span class='ocrx_word' id='word_1_208' title='bbox 1015 3134 1232 3211; x_wconf 76' lang='lat' dir='ltr'>potest.</span> <span class='ocrx_word' id='word_1_209' title='bbox 1320 3128 1530 3195; x_wconf 84' lang='lat' dir='ltr'>Multa</span> <span class='ocrx_word' id='word_1_210' title='bbox 1572 3131 1643 3193; x_wconf 93' lang='lat' dir='ltr'>in</span> <span class='ocrx_word' id='word_1_211' title='bbox 1685 3140 2027 3217; x_wconf 88' lang='lat' dir='ltr'>utramque</span> <span class='ocrx_word' id='word_1_212' title='bbox 2070 3139 2323 3217; x_wconf 90' lang='lat' dir='ltr'>partem</span> <span class='ocrx_word' id='word_1_213' title='bbox 2368 3129 2593 3215; x_wconf 92' lang='lat' dir='ltr'>dispu-</span> 
     </span>
     <span class='ocr_line' id='line_1_26' title="bbox 300 3229 2180 3319; baseline 0.001 -25"><span class='ocrx_word' id='word_1_214' title='bbox 300 3232 431 3295; x_wconf 83' lang='lat' dir='ltr'>tari</span> <span class='ocrx_word' id='word_1_215' title='bbox 473 3252 665 3318; x_wconf 89' lang='lat' dir='ltr'>posse</span> <span class='ocrx_word' id='word_1_216' title='bbox 710 3229 793 3293; x_wconf 90' lang='lat' dir='ltr'>de</span> <span class='ocrx_word' id='word_1_217' title='bbox 839 3230 1207 3295; x_wconf 89' lang='lat' dir='ltr'>coniectura</span> <span class='ocrx_word' id='word_1_218' title='bbox 1249 3241 1473 3294; x_wconf 89' lang='lat' dir='ltr'>nostra</span> <span class='ocrx_word' id='word_1_219' title='bbox 1514 3232 1601 3295; x_wconf 89' lang='lat' dir='ltr'>ad</span> <span class='ocrx_word' id='word_1_220' title='bbox 1648 3254 1713 3295; x_wconf 89' lang='lat' dir='ltr'>v.</span> <span class='ocrx_word' id='word_1_221' title='bbox 1758 3232 1879 3296; x_wconf 83' lang='lat'>651</span> <span class='ocrx_word' id='word_1_222' title='bbox 1927 3231 2180 3319; x_wconf 88' lang='lat' dir='ltr'>prolata</span> 
     </span>
    </p>
   </div>
   <div class='ocr_carea' id='block_1_8' title="bbox 850 3387 2054 3464">
    <p class='ocr_par' dir='ltr' id='par_1_9' title="bbox 850 3387 2054 3464">
     <span class='ocr_line' id='line_1_27' title="bbox 850 3387 2054 3464; baseline 0.002 -19"><span class='ocrx_word' id='word_1_223' title='bbox 850 3387 975 3446; x_wconf 58' lang='lat' dir='ltr'>Vtro:</span> <span class='ocrx_word' id='word_1_224' title='bbox 1018 3390 1155 3447; x_wconf 68' lang='lat' dir='ltr'>bom]</span> <span class='ocrx_word' id='word_1_225' title='bbox 1197 3394 1279 3447; x_wconf 77' lang='lat' dir='ltr'>est</span> <span class='ocrx_word' id='word_1_226' title='bbox 1319 3392 1535 3449; x_wconf 73' lang='lat' dir='ltr'>nescire</span> <span class='ocrx_word' id='word_1_227' title='bbox 1577 3392 1868 3450; x_wconf 73' lang='lat' dir='ltr'>iniuriam</span> <span class='ocrx_word' id='word_1_228' title='bbox 1900 3394 2054 3464; x_wconf 72' lang='lat' dir='ltr'>pati,</span> 
     </span>
    </p>
   </div>
   <div class='ocr_carea' id='block_1_9' title="bbox 300 3534 2593 3725">
    <p class='ocr_par' dir='ltr' id='par_1_10' title="bbox 300 3534 2593 3725">
     <span class='ocr_line' id='line_1_28' title="bbox 300 3534 2593 3625; baseline -0.001 -23"><span class='ocrx_word' id='word_1_229' title='bbox 300 3538 436 3625; x_wconf 90' lang='lat' dir='ltr'>ipsi</span> <span class='ocrx_word' id='word_1_230' title='bbox 474 3537 833 3600; x_wconf 88' lang='lat' dir='ltr'>amicorum</span> <span class='ocrx_word' id='word_1_231' title='bbox 861 3534 1416 3601; x_wconf 88' lang='lat' dir='ltr'>admonitionibus</span> <span class='ocrx_word' id='word_1_232' title='bbox 1450 3540 1709 3623; x_wconf 88' lang='lat' dir='ltr'>experti</span> <span class='ocrx_word' id='word_1_233' title='bbox 1738 3559 1978 3601; x_wconf 86' lang='lat' dir='ltr'>sumus.</span> <span class='ocrx_word' id='word_1_234' title='bbox 2055 3537 2190 3602; x_wconf 87' lang='lat' dir='ltr'>Sed</span> <span class='ocrx_word' id='word_1_235' title='bbox 2219 3536 2593 3623; x_wconf 89' lang='lat' dir='ltr'>scrupulum</span> 
     </span>
     <span class='ocr_line' id='line_1_29' title="bbox 300 3636 2488 3725; baseline -0 -22"><span class='ocrx_word' id='word_1_236' title='bbox 300 3641 614 3713; x_wconf 73' lang='lat' dir='ltr'>iniectum</span> <span class='ocrx_word' id='word_1_237' title='bbox 659 3636 742 3700; x_wconf 94' lang='lat' dir='ltr'>de</span> <span class='ocrx_word' id='word_1_238' title='bbox 785 3637 1002 3701; x_wconf 91' lang='lat' dir='ltr'>iambo</span> <span class='ocrx_word' id='word_1_239' title='bbox 1046 3638 1116 3701; x_wconf 91' lang='lat' dir='ltr'>in</span> <span class='ocrx_word' id='word_1_240' title='bbox 1159 3637 1326 3725; x_wconf 90' lang='lat' dir='ltr'>pede</span> <span class='ocrx_word' id='word_1_241' title='bbox 1373 3640 1597 3724; x_wconf 85' lang='lat' dir='ltr'>quinto</span> <span class='ocrx_word' id='word_1_242' title='bbox 1643 3638 1929 3704; x_wconf 89' lang='lat' dir='ltr'>admisso</span> <span class='ocrx_word' id='word_1_243' title='bbox 1977 3640 2209 3703; x_wconf 83' lang='lat' dir='ltr'>eximit</span> <span class='ocrx_word' id='word_1_244' title='bbox 2253 3661 2317 3702; x_wconf 89' lang='lat' dir='ltr'>v.</span> <span class='ocrx_word' id='word_1_245' title='bbox 2363 3638 2488 3703; x_wconf 81' lang='lat'>592</span> 
     </span>
    </p>
   </div>
   <div class='ocr_carea' id='block_1_10' title="bbox 681 3784 2052 3872">
    <p class='ocr_par' dir='ltr' id='par_1_11' title="bbox 681 3784 2052 3872">
     <span class='ocr_line' id='line_1_30' title="bbox 681 3784 2052 3872; baseline 0.001 -19"><span class='ocrx_word' id='word_1_246' title='bbox 681 3815 690 3823; x_wconf 91' lang='lat'><strong>·</strong></span> <span class='ocrx_word' id='word_1_247' title='bbox 795 3796 977 3870; x_wconf 77' lang='lat' dir='ltr'>Saepe</span> <span class='ocrx_word' id='word_1_248' title='bbox 1019 3798 1362 3872; x_wconf 53' lang='lat' dir='ltr'>ignoscendo</span> <span class='ocrx_word' id='word_1_249' title='bbox 1407 3784 1505 3856; x_wconf 78' lang='lat' dir='ltr'>des</span> <span class='ocrx_word' id='word_1_250' title='bbox 1546 3800 1806 3856; x_wconf 50' lang='lat' dir='ltr'>»iniuriae</span> <span class='ocrx_word' id='word_1_251' title='bbox 1849 3800 2052 3865; x_wconf 76' lang='lat' dir='ltr'>locum,</span> 
     </span>
    </p>
   </div>
   <div class='ocr_carea' id='block_1_11' title="bbox 296 3943 2592 4536">
    <p class='ocr_par' dir='ltr' id='par_1_12' title="bbox 296 3943 2592 4536">
     <span class='ocr_line' id='line_1_31' title="bbox 296 3943 2589 4031; baseline 0 -25"><span class='ocrx_word' id='word_1_252' title='bbox 296 3945 688 4030; x_wconf 86' lang='lat' dir='ltr'>praesertim</span> <span class='ocrx_word' id='word_1_253' title='bbox 732 3964 879 4005; x_wconf 92' lang='lat' dir='ltr'>cum</span> <span class='ocrx_word' id='word_1_254' title='bbox 920 3965 1051 4006; x_wconf 91' lang='lat' dir='ltr'>non</span> <span class='ocrx_word' id='word_1_255' title='bbox 1093 3945 1178 4008; x_wconf 87' lang='lat' dir='ltr'>sit</span> <span class='ocrx_word' id='word_1_256' title='bbox 1220 3943 1612 4008; x_wconf 87' lang='lat' dir='ltr'>vocabulum</span> <span class='ocrx_word' id='word_1_257' title='bbox 1653 3944 2085 4031; x_wconf 87' lang='lat' dir='ltr'>bisyllabum,</span> <span class='ocrx_word' id='word_1_258' title='bbox 2144 3943 2318 4031; x_wconf 90' lang='lat' dir='ltr'>quod</span> <span class='ocrx_word' id='word_1_259' title='bbox 2365 3944 2589 4008; x_wconf 90' lang='lat' dir='ltr'>sedem</span> 
     </span>
     <span class='ocr_line' id='line_1_32' title="bbox 302 4043 2592 4133; baseline -0.002 -23"><span class='ocrx_word' id='word_1_260' title='bbox 302 4046 601 4133; x_wconf 88' lang='lat' dir='ltr'>quintam</span> <span class='ocrx_word' id='word_1_261' title='bbox 656 4043 940 4127; x_wconf 82' lang='lat' dir='ltr'>obtinet3</span> <span class='ocrx_word' id='word_1_262' title='bbox 1001 4066 1121 4108; x_wconf 91' lang='lat' dir='ltr'>nec</span> <span class='ocrx_word' id='word_1_263' title='bbox 1174 4045 1378 4109; x_wconf 89' lang='lat' dir='ltr'>firmis</span> <span class='ocrx_word' id='word_1_264' title='bbox 1436 4048 1838 4130; x_wconf 84' lang='lat' dir='ltr'>argumentis</span> <span class='ocrx_word' id='word_1_265' title='bbox 1884 4048 2098 4111; x_wconf 89' lang='lat' dir='ltr'>evinci</span> <span class='ocrx_word' id='word_1_266' title='bbox 2143 4054 2388 4133; x_wconf 88' lang='lat' dir='ltr'>potest,</span> <span class='ocrx_word' id='word_1_267' title='bbox 2448 4066 2592 4107; x_wconf 93' lang='lat' dir='ltr'>eum</span> 
     </span>
     <span class='ocr_line' id='line_1_33' title="bbox 300 4144 2590 4233; baseline -0.001 -23"><span class='ocrx_word' id='word_1_268' title='bbox 300 4147 425 4233; x_wconf 82' lang='lat' dir='ltr'>qui</span> <span class='ocrx_word' id='word_1_269' title='bbox 460 4147 716 4209; x_wconf 87' lang='lat' dir='ltr'>nesciat</span> <span class='ocrx_word' id='word_1_270' title='bbox 758 4147 1063 4213; x_wconf 85' lang='lat' dir='ltr'>iniuriam</span> <span class='ocrx_word' id='word_1_271' title='bbox 1106 4148 1265 4232; x_wconf 90' lang='lat' dir='ltr'>pati,</span> <span class='ocrx_word' id='word_1_272' title='bbox 1312 4149 1681 4213; x_wconf 90' lang='lat' dir='ltr'>necessario</span> <span class='ocrx_word' id='word_1_273' title='bbox 1729 4148 1863 4213; x_wconf 90' lang='lat' dir='ltr'>dici</span> <span class='ocrx_word' id='word_1_274' title='bbox 1905 4150 2117 4213; x_wconf 77' lang='lat' dir='ltr'>virum</span> <span class='ocrx_word' id='word_1_275' title='bbox 2155 4149 2427 4228; x_wconf 54' lang='lat' dir='ltr'>fortem&lt;</span> <span class='ocrx_word' id='word_1_276' title='bbox 2488 4144 2590 4208; x_wconf 82' lang='lat' dir='ltr'>Cf.</span> 
     </span>
     <span class='ocr_line' id='line_1_34' title="bbox 300 4246 2591 4334; baseline -0.002 -21"><span class='ocrx_word' id='word_1_277' title='bbox 300 4248 456 4313; x_wconf 90' lang='lat' dir='ltr'>Sen.</span> <span class='ocrx_word' id='word_1_278' title='bbox 506 4246 588 4310; x_wconf 89' lang='lat' dir='ltr'>de</span> <span class='ocrx_word' id='word_1_279' title='bbox 632 4247 893 4334; x_wconf 86' lang='lat' dir='ltr'>provid.</span> <span class='ocrx_word' id='word_1_280' title='bbox 939 4249 995 4328; x_wconf 94' lang='lat' dir='ltr'>l,</span> <span class='ocrx_word' id='word_1_281' title='bbox 1041 4248 1101 4312; x_wconf 82' lang='lat'>5.</span> <span class='ocrx_word' id='word_1_282' title='bbox 1150 4248 1210 4311; x_wconf 90' lang='lat'>6.</span> <span class='ocrx_word' id='word_1_283' title='bbox 1256 4248 1321 4331; x_wconf 77' lang='lat'>2,</span> <span class='ocrx_word' id='word_1_284' title='bbox 1372 4250 1433 4311; x_wconf 91' lang='lat'>1..</span> <span class='ocrx_word' id='word_1_285' title='bbox 1472 4249 1532 4311; x_wconf 86' lang='lat'>4.</span> <span class='ocrx_word' id='word_1_286' title='bbox 1582 4249 1642 4313; x_wconf 84' lang='lat'>6.</span> <span class='ocrx_word' id='word_1_287' title='bbox 1693 4251 1753 4313; x_wconf 84' lang='lat'>9.</span> <span class='ocrx_word' id='word_1_288' title='bbox 1799 4250 1860 4331; x_wconf 85' lang='lat'>3,</span> <span class='ocrx_word' id='word_1_289' title='bbox 1912 4251 1943 4312; x_wconf 94' lang='lat'>1</span> <span class='ocrx_word' id='word_1_290' title='bbox 1978 4258 2098 4313; x_wconf 78' lang='lat' dir='ltr'>etc,</span> <span class='ocrx_word' id='word_1_291' title='bbox 2188 4246 2591 4311; x_wconf 88' lang='lat' dir='ltr'>Sententiam</span> 
     </span>
     <span class='ocr_line' id='line_1_35' title="bbox 299 4347 2590 4437; baseline -0.001 -23"><span class='ocrx_word' id='word_1_292' title='bbox 299 4347 481 4436; x_wconf 90' lang='lat' dir='ltr'>quod</span> <span class='ocrx_word' id='word_1_293' title='bbox 536 4349 813 4431; x_wconf 86' lang='lat' dir='ltr'>attinet,</span> <span class='ocrx_word' id='word_1_294' title='bbox 862 4351 1224 4436; x_wconf 86' lang='lat' dir='ltr'>promptior</span> <span class='ocrx_word' id='word_1_295' title='bbox 1280 4372 1435 4414; x_wconf 86' lang='lat' dir='ltr'>sane</span> <span class='ocrx_word' id='word_1_296' title='bbox 1493 4360 1592 4414; x_wconf 91' lang='lat' dir='ltr'>est</span> <span class='ocrx_word' id='word_1_297' title='bbox 1649 4349 1997 4437; x_wconf 85' lang='lat' dir='ltr'>explicatio</span> <span class='ocrx_word' id='word_1_298' title='bbox 2049 4348 2378 4413; x_wconf 91' lang='lat' dir='ltr'>hominem</span> <span class='ocrx_word' id='word_1_299' title='bbox 2423 4347 2590 4412; x_wconf 91' lang='lat' dir='ltr'>chri-</span> 
     </span>
     <span class='ocr_line' id='line_1_36' title="bbox 296 4448 2591 4536; baseline 0 -22"><span class='ocrx_word' id='word_1_300' title='bbox 296 4451 590 4515; x_wconf 87' lang='lat' dir='ltr'>stianum</span> <span class='ocrx_word' id='word_1_301' title='bbox 646 4451 1009 4515; x_wconf 86' lang='lat' dir='ltr'>correxisse</span> <span class='ocrx_word' id='word_1_302' title='bbox 1063 4453 1380 4517; x_wconf 76' lang='lat' dir='ltr'>iniuriam</span> <span class='ocrx_word' id='word_1_303' title='bbox 1430 4452 1666 4533; x_wconf 78' lang='lat' dir='ltr'>facere,</span> <span class='ocrx_word' id='word_1_304' title='bbox 1725 4473 1916 4536; x_wconf 89' lang='lat' dir='ltr'>quam</span> <span class='ocrx_word' id='word_1_305' title='bbox 1973 4448 2315 4516; x_wconf 85' lang='lat' dir='ltr'>librarium</span> <span class='ocrx_word' id='word_1_306' title='bbox 2370 4451 2591 4517; x_wconf 88' lang='lat' dir='ltr'>nescio</span> 
     </span>
    </p>
   </div>
  </div>
 </body>
</html>
