3209 5184
1161 499 1709 550 PRoLEeoMENA.
2494 485 2578 550 35

278 677 452 737 esse,
503 652 622 719 sed
662 651 817 716 inde
845 674 886 715 a
916 651 1248 736 Scaligero
1279 653 1349 715 in
1378 651 1764 716 Publilianis
1796 673 2083 738 quoque;
2128 652 2303 717 unde
2333 654 2576 717 factum

275 767 414 839 est,
461 765 535 820 ut
579 753 908 818 miscendo
955 752 1123 819 falsa
1167 762 1233 817 et
1277 775 1456 837 vera,
1503 776 1669 840 quae
1712 755 1783 817 in
1826 751 2165 819 codicibus
2210 764 2393 819 erant
2437 757 2574 819 suis

275 858 441 923 locis
487 859 795 937 discreta,
838 857 909 920 in
950 878 1152 920 unum
1196 857 1411 920 omnia
1450 855 1827 921 conflarent.
1915 855 2086 918 Nam
2125 856 2183 920 si
2226 858 2370 943 quis
2401 878 2578 921 seor-

277 962 410 1025 sim
471 958 621 1023 illas
679 955 993 1022 edidisset
1054 967 1312 1022 servato
1372 978 1447 1021 eo
1504 957 1765 1040 ordine,
1824 978 1951 1043 quo
2008 958 2077 1020 in
2123 956 2459 1023 codicibus
2506 980 2576 1022 se

279 1063 646 1148 excipiunt,
694 1061 812 1123 vix
857 1058 1086 1124 dubito
1134 1061 1292 1145 quin
1334 1057 1574 1145 aliquis
1621 1067 1796 1123 certe
1840 1058 2164 1123 extiturus
2196 1059 2416 1143 fuerit,
2465 1062 2578 1146 qui

277 1163 583 1226 nativum
631 1162 1033 1225 senariorum
1077 1159 1357 1225 colorem
1399 1182 1440 1224 a
1484 1160 1830 1225 sententiis
1876 1182 1992 1247 per
2037 1160 2174 1223 vim
2217 1160 2302 1224 ad
2348 1162 2575 1224 carmi-

277 1287 438 1329 num
482 1263 763 1327 formam
807 1261 1079 1327 detortis
1126 1262 1547 1326 discerneret.

451 1366 546 1429 At
591 1364 755 1428 mihi
796 1362 989 1448 longe
1033 1362 1161 1427 alia
1202 1385 1386 1428 mens
1433 1372 1554 1427 est.
1643 1363 1782 1428 Iam
1827 1360 2002 1449 quod
2045 1364 2116 1427 in
2159 1364 2420 1450 optimis
2468 1386 2575 1428 co-

279 1467 545 1532 dicibus
593 1474 891 1530 servatae
935 1475 1087 1530 sunt
1127 1464 1278 1528 illae
1309 1466 1691 1547 sententiae,
1737 1465 1892 1530 hinc
1921 1475 2096 1531 certe
2124 1487 2208 1530 ne
2236 1467 2578 1531 minimum

280 1569 554 1656 quidem
596 1567 1006 1632 auctoritatis
1051 1567 1133 1630 iis
1165 1566 1545 1631 adcrescere
1572 1566 1766 1631 facile
1795 1566 2219 1653 intellegitur,
2265 1568 2324 1632 si
2365 1577 2578 1633 tecum

277 1670 727 1758 reputaveris,
776 1668 1035 1732 demum
1080 1690 1120 1731 a
1164 1667 1384 1732 littera
1414 1668 1501 1748 N,
1548 1690 1674 1755 quo
1717 1669 1861 1755 ipso
1906 1667 2048 1734 loco
2091 1690 2322 1735 versus
2353 1668 2575 1735 Publi-

279 1773 444 1837 liani
489 1773 561 1836 in
605 1770 905 1836 omnibus
951 1769 1139 1835 libris
1172 1781 1446 1857 excepto
1475 1771 1614 1834 fere
1642 1792 1770 1835 uno
1801 1770 2213 1856 Frisingensi
2242 1771 2576 1856 deficiunt,

279 1874 644 1939 sententias
688 1870 821 1957 legi
865 1871 1205 1959 rythmicis
1251 1872 1538 1936 numeris
1584 1881 1901 1936 carentes,
1992 1872 2155 1953 Quis
2198 1894 2331 1937 non
2371 1871 2575 1956 videt,

279 1985 630 2064 postquam
677 1975 998 2060 posterior
1041 1995 1190 2060 pars
1238 1974 1705 2038 sententiarum
1749 1973 2206 2055 interciderat,
2264 1975 2575 2040 substitu-

280 2090 384 2143 tas
446 2098 554 2140 eas
615 2096 760 2140 esse
816 2075 903 2138 ad
956 2073 1253 2139 lacunam
1308 2073 1730 2162 explendam,
1793 2097 1941 2140 cum
1995 2077 2378 2162 praesertim
2421 2098 2577 2140 vere

280 2176 698 2243 Publilianae
730 2215 806 2223 —
842 2185 907 2240 et
951 2198 1144 2263 quam
1187 2175 1337 2240 illae
1368 2177 1667 2242 diversae
1699 2215 1775 2224 —
1810 2185 2036 2260 postea
2066 2178 2197 2240 sint
2230 2178 2577 2264 repertae?

281 2281 487 2344 Porro
533 2281 592 2343 si
637 2279 781 2364 quis
826 2278 1245 2365 perpenderit
1287 2280 1457 2343 inter
1500 2278 1645 2342 illas
1693 2279 2055 2342 sententias
2096 2300 2179 2343 ne
2209 2300 2403 2343 unam
2435 2281 2574 2366 qui-

282 2382 429 2446 dem
475 2401 638 2460 esse,
686 2401 850 2466 quae
878 2402 918 2442 a
952 2379 1279 2444 veteribus
1311 2379 1596 2445 Publilio
1628 2380 1976 2462 tribuatur,
2025 2401 2157 2444 eas
2203 2380 2300 2443 ad
2344 2402 2577 2444 unam

281 2504 558 2548 omnes
617 2481 1100 2546 abiciendas
1162 2502 1339 2545 esse
1392 2479 1746 2546 Publilii
1806 2482 2108 2545 editori
2165 2482 2286 2544 vix
2339 2483 2578 2569 poterit

282 2605 548 2670 negare.
1007 2570 1013 2579 ’

455 2687 550 2750 At
578 2685 828 2749 dixerit
870 2684 1146 2749 forsitan
1176 2685 1521 2771 quispiam,
1567 2693 1642 2748 ut
1685 2683 1877 2769 longe
1908 2683 2187 2771 plurima
2216 2704 2577 2748 sermonem

286 2788 667 2877 pedestrem
694 2787 972 2874 sapiant,
1018 2787 1111 2850 ita
1147 2794 1365 2849 tamen
1393 2807 1539 2850 rara
1569 2784 1888 2871 quaedam
1916 2786 2189 2873 reperiri
2220 2783 2574 2851 conceden—

287 2892 447 2955 dum
490 2912 635 2954 esse
648 2938 666 2972 ,
733 2910 897 2975 quae
940 2890 1108 2953 ictus
1153 2886 1466 2952 iambicos
1510 2897 1734 2974 aperte
1778 2886 2093 2974 prodant,
2151 2886 2337 2951 verbi
2382 2908 2578 2951 causa

287 2994 680 3057 sententiam
724 2990 1011 3055 omnium
1053 2989 1192 3053 fere
1225 2992 1544 3053 consensu
1577 2990 1749 3053 inter
1777 2986 2181 3053 Publilianas
2216 2996 2573 3074 receptam:

685 3132 953 3190 Timidus
994 3136 1157 3190 vocat
1198 3148 1257 3189 se
1300 3135 1554 3199 cautum,
1588 3149 1843 3204 parcum
1884 3130 2170 3189 sordidus,

288 3264 517 3350 Neque
572 3261 645 3326 id
701 3260 895 3348 plane
950 3261 1296 3325 immerito.
1387 3258 1651 3326 Scilicet
1692 3259 1839 3324 fons
1883 3258 2010 3323 fuit
2052 3256 2183 3340 illi,
2242 3257 2417 3322 unde
2461 3280 2579 3322 sua

289 3366 580 3430 hauriret
634 3363 720 3427 ad
775 3362 1329 3449 compensandum
1384 3361 1690 3428 damnum
1749 3361 1835 3445 (si
1880 3360 2260 3424 discesseris
2303 3382 2344 3423 a
2387 3382 2575 3446 prov.

295 3467 434 3531 148.
486 3465 631 3529 149.
718 3464 940 3530 Zelum
994 3466 1067 3528 de
1121 3465 1230 3528 deo
1285 3468 1531 3529 tantum
1584 3464 1816 3528 habeas
1858 3468 1960 3526 etc.
2008 3460 2187 3525 haud
2247 3461 2446 3525 dubie
2488 3460 2576 3524 ab

289 3568 550 3633 homine
607 3565 983 3630 Christiano
1052 3563 1334 3649 additis,
1402 3586 1485 3627 ne
1541 3563 1771 3628 ultima
1829 3561 2045 3628 littera
2092 3561 2233 3625 loco
2295 3563 2574 3648 careret)

290 3667 825 3733 Pseudosenecae
876 3666 1055 3737 liber,
1100 3667 1189 3739 de„
1235 3666 1556 3747 moribuS,
1628 3667 1806 3729 sive*
1833 3661 2222 3746 Proverbia,
2276 3672 2348 3727 ut
2400 3662 2578 3727 idem

290 3770 456 3836 liber
521 3771 781 3857 saepius
845 3768 1259 3849 inscribitur,
1332 3788 1519 3853 quem
1576 3767 1649 3829 in
1709 3764 2045 3831 codicibus
2101 3765 2576 3853 antiquissimis

289 3873 673 3960 ampliorem
719 3893 861 3936 esse
906 3868 1101 3956 quam
1143 3891 1315 3933 nunc
1357 3870 1427 3932 in
1472 3868 1869 3933 editionibus
1915 3867 2401 3950 circumfertur,
2447 3889 2577 3931 uno
2653 3939 2660 3946 ,

291 3973 494 4038 verbo
558 3973 966 4058 significasse
1032 3973 1193 4037 satis
1256 3970 1487 4034 habeo.
1573 3969 1811 4035 Insunt
1865 3977 2115 4055 septem
2172 3967 2578 4057 Sapientium

290 4077 497 4157 dicta,
557 4075 826 4140 Catonis
881 4081 1256 4162 praecepta,
1317 4072 1652 4137 Ciceronis
1706 4071 2024 4158 quaedam
2070 4070 2139 4154 (ξ
2188 4069 2264 4133 18
2307 4097 2392 4124 =
2436 4067 2576 4132 Cic.

287 4178 371 4242 de
416 4186 661 4242 senect.
711 4177 811 4260 18,
858 4176 972 4259 663
1030 4178 1070 4257 ξ
1112 4174 1198 4239 20
1238 4203 1325 4231 =
1368 4174 1449 4238 de
1491 4174 1680 4237 amic.
1727 4174 1799 4255 6,
1845 4172 1992 4258 22),
2040 4171 2324 4237 Senecae
2368 4168 2575 4255 philo-

288 4279 512 4364 sophi,
574 4277 775 4341 Plinii
825 4278 1134 4359 iunioris,
1192 4275 1551 4356 Lactantii,
1619 4297 1741 4340 nec
1794 4295 1924 4338 non
1980 4294 2064 4335 ex
2108 4271 2316 4356 poetis
2371 4290 2579 4356 pauca

286 4379 617 4470 quaedam
660 4379 989 4466 decerpta,
1035 4376 1218 4442 velut
1259 4377 1514 4462 integer
1556 4383 1931 4441 tetrameter
1973 4371 2338 4437 trochaicus
2385 4373 2425 4452 ξ
2474 4370 2553 4449 10

602 4521 823 4579 Multos
864 4522 1044 4578 vitam
1088 4520 1411 4591 differentes
1453 4536 1610 4576 mors
1653 4519 1874 4575 ineerta
1906 4515 2228 4587 praevenit.

2094 4609 2169 4663 3*
