3209 5184
592 497 679 561 14.
1458 512 2008 564 PROLEGOMENA.

575 667 913 749 pleraeque
966 668 1204 749 lepidae
1258 672 1316 731 et
1368 668 1457 732 ad
1509 686 1891 733 communem
1950 687 2306 759 sermonum
2348 672 2533 733 usu'm
2578 684 2878 733 commen-

600 768 993 847 datissimum,
1051 788 1126 833 ece
1180 769 1404 850 quibus
1457 773 1605 834 suut
1657 771 1815 834 istae
1873 770 2139 852 siugulis
2181 770 2459 834 versibus
2502 769 2883 834 circumseri-

583 874 755 953 μαι»,
805 889 964 951 quas
1009 870 1255 934 libitum
1298 870 1496 934 hercle
1538 875 1626 935 est
1655 871 2021 935 adscribere.
2110 870 2484 957 Sequuntur
2512 893 2740 936 versus
2771 892 2881 935 no-

596 981 770 1036 strae
830 970 1137 1036 editionis
1192 970 1339 1036 362.
1399 971 1501 1035 55.
1562 972 1702 1035 176.
1766 971 1907 1035 106.
1966 960 2107 1036 104.
2164 973 2305 1038 193.
2350 972 2497 1036 221.
2549 972 2687 1037 178.
2736 972 2881 1036 264.

592 1073 738 1137 245.
766 1073 918 1155 645.
950 1073 1096 1138 383.
1127 1073 1275 1136 416.
1305 1072 1453 1137 469.
1544 1072 1732 1152 Quae
1775 1083 1992 1137 autem
2039 1072 2149 1136 ille
2192 1075 2262 1138 in
2308 1073 2578 1138 edendis
2610 1071 2883 1138 Publilii

592 1176 935 1240 sententiis
981 1175 1302 1262 peccavit,
1347 1182 1639 1238 nostrum
1685 1183 1785 1239 est
1829 1175 2135 1239 damnum
2182 1176 2360 1259 (nam
2394 1183 2708 1262 quotquot
2739 1196 2871 1240 ser-

589 1278 727 1342 vati
759 1285 910 1342 sunt
941 1275 1222 1358 codices,
1252 1297 1334 1341 ex
1367 1274 1477 1340 illo
1507 1274 1730 1341 libello
1760 1276 2088 1341 fluxerunt
2118 1276 2406 1362 omnes);
2440 1276 2622 1341 velut
2648 1298 2877 1341 versus

593 1379 709 1460 37,
757 1378 1187 1442 Terentianus
1232 1378 1525 1443 Andriae
1570 1378 1644 1462 3,
1690 1378 1764 1461 3,
1810 1378 1925 1460 23,
1974 1378 2105 1442 nisi
2151 1388 2247 1443 est
2290 1377 2374 1442 ab
2419 1376 2881 1465 interpolatore
2929 1368 2976 1377 ”

587 1479 889 1561 additus,
951 1478 1218 1546 editoris
1275 1480 1490 1566 potius
1535 1479 1949 1566 neglegentia
1991 1480 2335 1568 irrepsisse
2380 1479 2643 1544 videtur
2689 1501 2882 1566 quam

590 1581 674 1646 ab
732 1583 876 1670 ipso
932 1580 1214 1646 Publilio
1271 1582 1338 1645 in
1395 1603 1628 1645 scaena
1680 1582 2020 1669 repetitus.
2109 1581 2214 1645 De
2257 1603 2456 1646 versu
2498 1582 2622 1651 338
2666 1580 2877 1645 Labe-

590 1685 813 1766 rian0,
873 1692 937 1746 et
980 1682 1108 1748 430
1151 1682 1454 1749 Enniano
1512 1682 1814 1747 dubitare
1858 1682 2031 1749 licet.
2121 1683 2294 1748 Num
2338 1707 2402 1749 v.
2447 1684 2573 1748 236
2617 1705 2878 1747 accura-

592 1786 845 1850 tissime
876 1782 1145 1848 Publilii
1176 1784 1380 1849 verba
1408 1784 1792 1863 reddiderit,
1829 1785 2071 1850 viderit
2101 1785 2263 1872 ipse.
2348 1787 2579 1872 Aeque
2610 1784 2881 1849 dubium

593 1887 878 1970 videtur,
925 1895 1143 1951 utrum
1187 1907 1252 1950 v.
1307 1887 1426 1950 119
1473 1895 1537 1951 et
1579 1885 1728 1968 438,
1776 1907 1935 1972 quos
1982 1885 2236 1952 codices
2283 1887 2378 1950 sic
2422 1886 2738 1951 exhibent
2837 1866 2842 1883 ’

997 2024 1232 2087 Cunctis
1265 2033 1453 2101 potest
1496 2029 1747 2088 accidere
1761 2071 1779 2097 ,
1825 2029 1977 2101 quod
2020 2030 2201 2088 cuivis
2233 2034 2436 2103 potest.

997 2126 1045 2186 Ο
1085 2131 1268 2189 vitam
1309 2132 1516 2189 misero
1560 2131 1823 2205 longam,
1866 2129 2020 2202 felici
2064 2132 2299 2190 brevem.

598 2259 878 2325 editoris
900 2282 983 2323 an
1013 2258 1426 2327 librariorum
1459 2259 1652 2348 culpa
1682 2261 1776 2325 sic
1813 2259 2075 2326 formati
2104 2262 2255 2343 sint,
2304 2282 2446 2324 cum
2479 2259 2675 2325 iidem
2709 2259 2880 2346 apud

601 2362 912 2428 Senecam
959 2363 1054 2426 sic
1099 2362 1325 2447 scripti
1369 2360 1702 2447 legantur:

1002 2500 1200 2562 Cuivis
1232 2507 1419 2577 potest
1462 2505 1742 2573 accidere,
1788 2505 1941 2577 quod
1984 2507 2257 2579 cuiquam
2290 2510 2492 2579 potest.

999 2603 1047 2662 Ο
1087 2608 1209 2665 vita
1250 2607 1459 2665 misero
1503 2606 1706 2681 lonya,
1749 2604 1904 2677 felici
1941 2607 2149 2683 brevis,

762 2735 905 2799 Iam
961 2734 1115 2798 inde
1159 2756 1198 2797 a
1244 2733 1444 2799 Gellii
1499 2736 1903 2823 temporibus
1959 2757 2075 2822 per
2131 2735 2258 2799 duo
2303 2735 2582 2823 amplius
2628 2733 2885 2803 saecula

596 2836 797 2901 altum
858 2835 939 2900 de
983 2835 1268 2901 Publilio
1315 2835 1647 2901 silentium
1693 2848 1809 2902 est.
1899 2838 2068 2902 Nam
2114 2839 2286 2924 quod
2340 2836 2880 2924 Hieronymus

597 2940 667 3003 in
729 2936 1008 3024 epistula
1061 2937 1146 3001 ad
1201 2937 1476 3002 Laetam
1536 2939 1653 3002 107
1714 2938 1872 3023 (vol.
1921 2938 1974 3003 Ι.
2033 2964 2097 3027 p.
2157 2940 2281 3005 679
2337 2939 2494 3003 edit.
2545 2937 2884 3032 Vallarsii)

599 3040 900 3127 scripsit:
949 3039 1107 3122 Leyi
1151 3041 1467 3123 quondam
1509 3041 1582 3105 in
1625 3042 1846 3105 scholis
1863 3064 2030 3124 puer
2075 3041 2301 3125 ‘Aeyre
2328 3042 2688 3125 reprendet&
2720 3040 2886 3122 quod

598 3144 777 3207 siuas
821 3147 1246 3221 emzsueseere',
1296 3142 1418 3206 etsi
1458 3141 1815 3215 Publilium
1859 3142 2110 3208 redolet
2154 3153 2218 3208 et
2248 3142 2727 3229 Hieronymum
2756 3140 2883 3204 Ro-

597 3264 742 3306 mae
787 3242 1114 3307 eruditum
1160 3264 1305 3308 esse
1348 3252 1411 3306 et
1454 3246 1912 3337 grammaticos
1953 3245 2171 3333 pueris
2204 3246 2563 3310 sententias
2593 3243 2883 3307 ediscen-

599 3345 715 3409 das
763 3343 1024 3409 dedisse
1068 3352 1322 3409 constat
1367 3343 1548 3429 (Seu.
1596 3347 1784 3431 epist.
1832 3348 1936 3430 33,
1985 3348 2075 3432 7),
2105 3348 2191 3411 ‘in
2234 3348 2475 3412 nostris
2518 3349 2736 3409 tamen
2781 3366 2883 3409 co-

599 3447 861 3512 dicibus
916 3445 1090 3511 hunc
1145 3445 1406 3533 quidem
1462 3468 1726 3510 versum
1768 3471 1898 3513 non
1944 3449 2075 3534 legi
2118 3447 2506 3513 monendum
2555 3457 2686 3531 est,
2743 3446 2881 3529 sed,

595 3548 768 3635 quod
825 3546 912 3611 ad
966 3548 1389 3630 sententiam,
1447 3569 1578 3611 non
1632 3549 1910 3614 multum
1956 3549 2286 3615 diversum
2333 3546 2529 3615 v.'85
2576 3550 2884 3616 Consueta

594 3653 754 3716 vitia
793 3650 1076 3731 ferimuS,
1123 3671 1253 3716 uon
1303 3652 1752 3734 reprendimus.
1842 3651 2282 3717 Nihilominus
2328 3652 2435 3717 vel
2480 3662 2654 3716 certo
2698 3650 2881 3716 testi-

597 3751 814 3816 monio
860 3750 1244 3817 destitutum
1291 3773 1418 3816 non
1463 3754 1697 3818 mirum
1742 3753 1983 3819 habere
2028 3753 2246 3835 debet,
2291 3752 2530 3839 legisse
2559 3754 2882 3838 Hierony-

597 3876 774 3918 mum
819 3852 1091 3917 Publilii
1147 3874 1409 3918 versus:
1473 3855 1863 3940 suffragatur
1917 3857 2123 3938 enim,
2181 3864 2255 3919 ut
2309 3855 2474 3920 nihil
2531 3853 2743 3918 dicam
2801 3852 2883 3917 de

588 3956 878 4021 chronici
924 3954 1064 4022 loco
1103 3978 1305 4044 supra
1347 3955 1545 4021 allato
1593 3956 1707 4041 (cf.
1754 3979 1863 4045 pg.
1910 3957 2050 4044 10),
2098 3957 2157 4021 ei
2203 3958 2609 4022 coniecturae
2653 3978 2881 4021 versus

585 4057 670 4121 ab
715 4056 939 4122 eodem
986 4057 1313 4141 laudatus,
1360 4059 1430 4123 in
1473 4058 1688 4124 Iovin.
1734 4059 1848 4126 lib.
1894 4060 1955 4125 Ι.
2000 4061 2120 4125 sub
2167 4060 2277 4124 fin.

992 4183 1250 4256 Difficile
1292 4185 1641 4259 custoditur,
1687 4187 1840 4258 quod
1871 4187 2073 4259 plures
2115 4190 2338 4255 amant,

591 4296 645 4359 si
693 4295 1041 4362 contuleris
1087 4319 1151 4359 v.
1197 4296 1322 4362 326
1367 4306 1431 4362 et
1473 4297 1599 4363 408

936 4422 1201 4481 Maximo
1224 4462 1233 4475 -
1233 4422 1450 4495 periclo
1494 4424 1829 4493 custoditur,
1873 4424 2025 4497 quod
2065 4425 2262 4484 multis
2293 4425 2499 4499 placet.

934 4522 1075 4581 Non
1115 4524 1285 4596 facile
1327 4526 1484 4584 solus
1523 4543 1741 4595 serveS,
1787 4526 1939 4598 quod
1978 4528 2177 4586 multis
2207 4528 2413 4601 placet.
