3209 5184
1154 476 1702 528 Pnomeomssm.
2492 462 2575 527 29

286 652 469 697 num
517 627 953 698 Gruterum
1009 653 1151 697 esse
1197 635 1609 715 existimant,
1668 632 2086 718 quifPubla·
2128 631 2279 715 Syri
2322 635 2576 696 mimos’

284 744 620 820 tamquam
666 732 1080 799 corollarium
1125 733 1410 799 Senecae
1452 733 1939 818 tragoediarum
1981 755 2151 798 anno
2204 732 2397 797 1604
2442 733 2575 796 edi-

287 837 414 900 dit:
475 835 647 899 hanc
692 835 1080 918 editionem,
1129 833 1739 916 Commelinianam,
1789 844 1854 899 et
1898 836 2108 921 ipsam
2151 833 2235 897 ab
2280 834 2578 898 omnibus

286 937 426 1000 fere
470 937 842 1021 ignoratam
885 935 1113 1002 video:
1170 922 1319 1000 nam
1364 937 1712 1001 obscurata
1757 945 1856 1000 est
1896 936 2360 1020 Lugdunensi,
2414 957 2579 1021 quae

288 1036 538 1124 prodiit
580 1060 640 1101 a.
690 1039 853 1103 1708
896 1039 1070 1124 apud
1116 1039 1158 1104 J
1164 1060 1439 1103 oannem
1491 1038 1573 1101 de
1618 1038 1816 1102 Vivie
1860 1046 1925 1101 et
1974 1038 2133 1102 1727
2178 1038 2354 1123 apud
2401 1036 2578 1100 Hen-

287 1140 410 1204 rici
440 1139 731 1224 Teering
761 1161 914 1203 cura
945 1139 1082 1225 Sig.
1116 1139 1556 1225 Havercampi
1588 1147 1654 1202 et
1682 1137 1846 1203 Abr.
1878 1139 2218 1225 Preygeri,
2260 1139 2579 1203 instructa

289 1242 466 1304 notis
527 1242 866 1326 postumiS.
954 1241 1104 1305 Non
1151 1240 1425 1305 dubium
1483 1250 1611 1322 est,
1671 1241 1829 1326 quin
1886 1239 2209 1305 Gruterus
2266 1239 2578 1302 editorem

290 1340 884 1426 Ingolstadiensem
934 1343 1031 1405 rei
1087 1344 1396 1407 metricae
1448 1341 2011 1429 imperitissimum
2068 1339 2263 1425 longe
2317 1363 2578 1427 supera·
2681 1422 2700 1433 .

288 1443 461 1506 verit
508 1451 573 1506 et
617 1443 821 1506 multa
876 1444 1122 1529 primus
1183 1444 1567 1508 correxerit:
1628 1444 1802 1529 quod
1845 1451 2063 1506 autem
2104 1441 2345 1507 librum
2389 1464 2579 1506 suum

287 1543 413 1609 hoc
466 1542 661 1608 titulo
717 1543 1025 1629 vulgavit·
1084 1545 1185 1609 ‘L.
1245 1545 1503 1608 Annaei
1563 1544 1848 1609 Senecae
1904 1553 1968 1607 et
2026 1547 2099 1610 P.
2161 1543 2315 1628 Syri
2373 1544 2576 1624 mimi,

287 1646 511 1710 forsan
569 1655 636 1709 et
690 1644 963 1709 aliorum
1021 1637 1386 1731 singulares
1446 1647 1838 1727 sententiae,
1900 1653 2209 1709 centum
2264 1641 2580 1730 aliquot

291 1745 686 1810 versibus
740 1768 945 1809 nunc
1001 1748 1334 1832 primum
1388 1757 1668 1812 auctae
1723 1756 1787 1811 et
1842 1755 2168 1811 correctae
2222 1766 2344 1831 ope
2389 1743 2577 1809 codd.

289 1847 743 1912 Palatinorum
811 1856 876 1911 et
941 1847 1436 1933 Frisingensis’,
1500 1849 1572 1913 id
1638 1849 1876 1913 nimiae
1940 1848 2067 1913 fuit
2131 1848 2579 1933 arrogantiae3

288 1971 444 2013 nam
492 1970 578 2012 ex
623 1949 959 2013 codicibus
1005 1949 1320 2014 Palatinis
1365 1949 1452 2013 ab
1495 1950 1639 2036 ipso
1682 1949 1999 2013 adhibitis
2044 1950 2285 2035 viginti
2326 1957 2576 2014 tantum

288 2059 710 2114 accesserunt
737 2072 778 2113 a
807 2049 1095 2115 Publilio
1139 2050 1599 2132 alienissimae,
1656 2050 2146 2136 Frisingensem
2188 2059 2407 2114 autem
2450 2051 2580 2113 iam

287 2162 482 2217 antea
510 2174 865 2217 excussum
893 2173 977 2215 ne
1005 2154 1378 2239 inspexerat
1401 2152 1697 2238 quidem3
1730 2154 1925 2216 immo
1948 2152 2436 2217 obtrectationis
2460 2152 2581 2214 cri-

289 2256 452 2319 mini
497 2276 568 2318 se
612 2255 696 2318 iis
742 2254 1002 2337 obiecit,
1049 2275 1215 2340 quae
1259 2254 1792 2319 adnotationibus
1838 2255 2192 2340 praemisit.
2270 2253 2580 2316 ‘Primam

292 2357 763 2438 sententiarum
808 2354 1054 2442 prolem
1087 2356 1598 2442 (Erasmianam)
1636 2378 1843 2441 nuper
1886 2355 1973 2419 ad
2017 2356 2333 2419 invidiam
2376 2375 2582 2440 usque

294 2455 620 2542 expolivit
662 2455 819 2520 lima
863 2457 1091 2522 divina
1120 2457 1165 2522 J
1168 2457 1394 2544 osephi
1428 2455 1781 2541 Scaligeri3
1827 2457 2256 2542 posteriorem
2299 2456 2439 2519 fere
2466 2453 2577 2517 ad-

293 2559 420 2622 huc
477 2556 1046 2642 sanguinolentam
1093 2580 1213 2644 ego
1232 2560 1323 2644 (P)
1369 2559 1469 2622 his
1525 2559 1688 2645 ipsis
1744 2556 2044 2622 manibus
2101 2555 2366 2638 sustuli,
2423 2555 2578 2637 lavi,

295 2660 457 2742 fovi,
480 2660 670 2741 finxi,
692 2659 993 2724 adhibita
1021 2660 1325 2746 aleiptica
1353 2661 1623 2724 minime
1643 2659 2037 2747 paenitenda
2068 2667 2130 2722 ‘e
2158 2658 2578 2744 myrotheciis

300 2759 608 2825 librariae
640 2760 1052 2826 Serenissimi
1095 2763 1224 2825 mei
1253 2761 1603 2849 Principis,
1649 2760 1973 2825 Electoris
2016 2760 2347 2825 Palatini’.
2410 2759 2580 2824 Con·

297 2861 466 2927 sulto
526 2864 732 2944 enim,
789 2873 862 2926 ut
910 2864 1051 2949 ipse
1095 2865 1452 2928 sententias
1497 2863 1956 2947 Frisingenses
2000 2864 2249 2949 primus
2295 2861 2582 2925 edidisse

296 2963 656 3046 videretur,
691 2963 957 3028 editoris
988 2963 1534 3050 Ingolstadiensis
1565 2987 1649 3028 ne
1680 2967 2072 3029 mentionem
2103 2963 2371 3051 quidem
2401 2964 2578 3044 fecit,

297 3076 359 3130 et
401 3066 518 3130 ubi
562 3067 791 3152 utique
836 3067 1434 3132 commemorandus
1482 3076 1651 3150 erat,
1697 3064 1927 3130 maluit
1973 3088 2117 3130 eum
2159 3075 2333 3129 tecte
2377 3066 2577 3148 signi-

296 3167 509 3250 ficare,
558 3167 766 3232 veluti
794 3168 879 3231 ad
911 3190 976 3231 v.
1015 3168 1166 3232 142:
1215 3171 1406 3250 ‘quod
1447 3170 1840 3233 obtruserant
1866 3170 2046 3232 nobis
2088 3169 2268 3246 alii,
2316 3169 2581 3231 damnat

299 3290 459 3349 quae
504 3270 744 3351 linqua,
796 3270 987 3335 nihili
1029 3275 1159 3334 θεῖ’.

460 3369 682 3433 Aliam
727 3392 984 3457 quoque
1026 3373 1493 3436 sententiarum
1537 3371 1890 3436 editionem
1921 3369 2094 3434 idem
2126 3372 2381 3435 curavit
2410 3369 2577 3435 Gru—

298 3480 472 3537 terus
528 3492 698 3535 anno
747 3473 912 3537 1610
967 3473 1034 3535 in
1092 3470 1447 3557 Florilegio
1503 3472 2047 3560 ethico-politicO,
2107 3473 2580 3558 quinquaginta

298 3573 555 3637 circiter
620 3574 924 3638 versibus
989 3583 1245 3640 auctam
1301 3573 1408 3637 vel
1472 3575 1690 3661 potius
1750 3573 2236 3661 interpolatam,
2299 3595 2444 3637 cum
2497 3595 2580 3636 ne

297 3696 458 3739 unus
505 3673 770 3760 quidem
813 3675 901 3740 sit
944 3675 1234 3740 Publilii.

464 3776 659 3841 Ultra
715 3798 983 3863 scopum
1043 3779 1288 3857 incerto
1333 3778 1468 3841 ictu
1511 3776 1869 3842 tetendisse
1912 3776 2254 3864 plerosque
2297 3777 2580 3841 editores

299 3877 498 3963 probe
554 3879 759 3942 sensit
813 3880 1065 3964 ingenii
1120 3880 1420 3943 acumine
1463 3879 1636 3943 inter
1679 3900 1917 3964 paucos
1972 3880 2250 3965 insignis
2304 3879 2579 3942 Ricar-
2635 3940 2656 3958 ‚

299 3980 437 4045 dus
484 3979 948 4064 Bentleius3
994 3990 1067 4047 ut
1112 3983 1254 4069 ipse
1297 3978 1568 4044 Publilii
1612 3981 1970 4045 sententias
2012 4003 2143 4044 una
2186 4002 2332 4044 cum
2374 3979 2577 4043 Phae-

298 4081 396 4144 dri
441 4079 687 4145 fabulis
735 4081 1020 4146 edendas
1067 4084 1449 4169 susciperet,
1497 4103 1573 4144 ea
1602 4083 1954 4168 praecipue
1987 4103 2183 4147 causa
2210 4081 2358 4162 fuit,
2405 4080 2579 4166 quod
2641 4078 2662 4085 ’

300 4182 578 4246 Harium
607 4182 901 4249 Terentii
946 4184 1260 4249 editorem
1302 4183 1475 4247 idem
1510 4183 1852 4249 consilium
1882 4185 2132 4268 agitare
2161 4191 2576 4266 cognoverat.

299 4284 397 4347 Cf.
427 4284 715 4349 Bentleii
757 4287 963 4350 vitam
1006 4308 1046 4348 a
1089 4285 1340 4350 Jacobo
1372 4284 1655 4350 Maehlio
1701 4284 2092 4371 descriptam
2122 4304 2230 4369 pg.
2264 4283 2365 4347 91.
2421 4283 2577 4346 Pro—

299 4385 417 4450 diit
464 4384 580 4449 illa
624 4385 828 4451 editio
859 4387 1171 4451 Cantabr.
1210 4387 1391 4452 1724.
1435 4386 1526 4450 4⁰.
1618 4386 1771 4466 Sed,
1817 4394 1891 4449 ut
1933 4386 2007 4449 fit
2050 4385 2120 4447 in
2164 4383 2383 4447 subito
2428 4404 2576 4447 con·

301 4486 478 4572 silio,
525 4509 630 4551 res
676 4489 1078 4574 improspere
1122 4490 1353 4553 cessit„
1428 4488 1595 4552 Nam
1640 4485 1967 4568 codicum,
2027 4507 2185 4572 quos
2231 4485 2577 4570 consuluit,
