3209 5184
1211 423 1761 506 PROLEGOMENA.
2604 447 2639 508 7

335 623 705 698 oneratum,
751 611 1062 677 iocularia
1103 620 1404 697 agentem
1448 633 1593 674 cum
1638 610 1893 676 medico
1937 612 2277 677 advocato.
2368 612 2519 693 Qua
2564 614 2634 677 in

339 739 415 780 re
469 714 672 780 nolim
730 714 1030 801 equidem
1085 735 1324 798 negare
1382 712 1745 799 antiquitus
1789 713 1985 777 unius
2031 714 2214 777 mimi
2258 714 2463 779 fuisse
2507 716 2637 801 pri-

340 819 584 882 marias
631 826 871 905 partes,
915 813 1197 902 reliquos
1242 812 1692 878 archimimum
1736 813 2071 879 adiuvisse
2115 815 2384 880 vocibus
2414 816 2636 880 admo-

341 922 500 984 dum
542 941 690 983 raro
735 917 1131 999 interiectis3
1181 914 1297 981 sed
1339 914 1465 980 hoc
1507 916 1577 979 in
1622 924 1848 1001 aperto
1894 925 2014 998 est,
2060 916 2348 981 inductis
2394 940 2635 984 sermo-

339 1020 541 1085 nibus
585 1008 856 1084 alteffiis
904 1027 967 1082 et
1008 1026 1200 1082 aucto
1245 1017 1590 1081 mimorum
1630 1038 1899 1081 numero
1933 1016 2125 1081 facile
2154 1018 2296 1082 fieri
2325 1021 2639 1105 potuisse,

340 1131 416 1186 ut
472 1122 656 1186 mimi
712 1131 1003 1206 tempore
1058 1117 1449 1205 procedente
1505 1117 1592 1180 ad
1646 1116 2142 1182 similitudinem
2185 1118 2637 1186 Atellanarum

339 1222 919 1310 amplificarentur,
963 1221 1034 1285 id
1066 1229 1165 1284 est
1193 1229 1266 1284 ut
1309 1221 1379 1283 in
1408 1218 1622 1284 locum
1653 1221 1815 1301 eius,
1864 1219 2039 1306 quod
2069 1222 2392 1309 principio
2425 1214 2638 1288 fuerat

340 1346 661 1412 personae
716 1325 896 1387 reive
952 1323 1235 1387 comicae
1289 1322 1831 1407 repraesentatio,
1888 1322 2060 1386 iusta
2117 1321 2486 1388 fabularum
2538 1347 2637 1389 ar·
2727 1406 2738 1425 t

337 1436 657 1512 gumenta
685 1424 1130 1506 succederent,
1177 1422 1285 1486 vel
1319 1431 1390 1486 ut
1419 1443 1655 1507 graeco
1687 1422 2005 1489 vocabulo
2037 1432 2185 1487 utar
2214 1448 2253 1489 a
2285 1425 2636 1491 Plutarcho

340 1550 603 1614 quoque
643 1528 714 1591 in
767 1525 1155 1590 definiendis
1215 1524 1397 1587 mimi
1452 1524 1802 1609 generibus
1848 1536 2193 1613 usurpato,
2253 1522 2636 1603 ὑποθέσεις.

340 1630 591 1716 quue.
630 1627 834 1692 multo
896 1636 1048 1691 ante
1117 1635 1409 1712 tempora
1468 1623 1735 1690 Sullana
1792 1624 2036 1690 factum
2093 1638 2192 1693 est
2267 1628 2381 1713 (cf.
2442 1629 2636 1695 Mart.

339 1730 694 1794 Hertzium
737 1730 808 1792 in
850 1728 1076 1793 Jahnii
1120 1725 1489 1808 annalibuS,
1536 1725 1665 1791 vol.
1714 1727 1816 1809 93,
1863 1749 1973 1813 pg.
2018 1729 2196 1814 581),
2245 1739 2309 1794 et
2354 1732 2448 1796 ita
2492 1732 2632 1818 qui-

339 1832 523 1914 dem,
563 1842 637 1896 ut
679 1832 748 1895 in
792 1828 1105 1894 catulario
1139 1829 1336 1893 mimo
1365 1828 1655 1910 Laberii,
1705 1828 1820 1913 (cf.
1851 1828 2209 1895 Ribbeckii
2242 1831 2490 1897 Comic.
2523 1832 2635 1897 lat.

339 1935 583 2019 fragm.
629 1956 738 2020 pg.
782 1932 911 1996 240
954 1941 1018 1996 et
1063 1929 1434 2017 Scylacem,
1489 1952 1601 2016 pg.
1645 1930 1803 2016 249)
1859 1932 1930 1994 in
1974 1930 2263 1996 eiusdem
2314 1934 2519 1998 ariete
2561 1957 2639 1999 ac

338 2046 532 2101 tauro
589 2035 780 2118 (ibid.
838 2055 946 2120 pg.
990 2033 1137 2097 238.
1193 2031 1382 2118 250),
1442 2032 1510 2096 in
1565 2032 1781 2096 scrofa
1834 2031 2228 2116 grundiente
2284 2035 2478 2120 (ibid.
2523 2059 2633 2123 pg.
2675 2056 2683 2061 ·

336 2137 491 2217 249,
536 2157 601 2199 v.
647 2136 756 2222 82)
803 2132 995 2198 facile
1037 2154 1384 2218 agnoscas,
1428 2133 1669 2219 quibus
1714 2133 1925 2198 initiis
1970 2137 2207 2202 mimus
2251 2136 2338 2200 ad
2383 2147 2637 2202 tantum

338 2239 812 2301 incrementum
845 2235 1235 2322 pervenerit.
1316 2236 1454 2300 Nec
1485 2234 1809 2309 immerito
1838 2234 2106 2300 Laberii
2154 2237 2340 2302 ‘Late
2370 2238 2635 2325 loquen-

340 2343 470 2403 tes'
501 2338 544 2402 i.
579 2359 634 2401 e.
667 2335 1151 2418 πλατυλόγους,
1198 2346 1263 2401 et
1291 2334 1591 2419 ‘Gallos',
1625 2357 1897 2423 quorum
1930 2358 2291 2404 sermonem
2319 2341 2637 2405 rusticum

340 2449 537 2528 poeta
579 2440 648 2503 in
692 2437 1051 2502 ludibrium
1096 2439 1374 2503 vertisse
1416 2437 1745 2524 putandus
1793 2440 1995 2523 est*),
2043 2461 2190 2504 cum
2235 2439 2438 2505 Ulixe
2481 2463 2634 2507 con-

340 2543 542 2623 feraS,
588 2538 941 2624 ‘Fullones,
989 2539 1411 2623 Piscatorem,
1457 2539 1858 2617 Restionem,
1893 2539 2344 2608 Staminarias'
2393 2553 2457 2608 et
2485 2543 2636 2609 reli·

248 2678 257 2687 ν
342 2666 477 2732 qua
517 2643 921 2730 opificiorum
962 2662 1204 2726 genera
1246 2642 1316 2706 in
1356 2642 1571 2705 mimis
1631 2641 1962 2729 descripta
2010 2665 2156 2707 cum
2200 2644 2483 2709 mulione
2529 2644 2638 2709 vel

342 2745 699 2827 causidico,
745 2744 827 2807 de
869 2742 1105 2830 quibus
1151 2743 1344 2808 modo
1386 2742 1591 2807 verba
1621 2743 1917 2808 fecimus.
1992 2743 2123 2810 Sed
2155 2747 2476 2833 quomodo
2517 2750 2635 2812 mi-

340 2869 489 2910 mus
542 2846 781 2934 aliquis
838 2846 1191 2932 inscriptus
1249 2867 1393 2911 esse
1436 2846 1723 2932 potuerit
1768 2844 2065 2911 ‘Marius'
2125 2848 2248 2932 (ita
2293 2871 2378 2912 ex
2422 2850 2634 2914 conie-

341 2958 530 3013 ctura
568 2946 880 3012 scribitur
924 2946 1106 3015 Com.
1138 2945 1249 3011 lat.
1288 2968 1399 3034 pg.
1429 2946 1606 3030 245),
1655 2969 1775 3032 ego
1822 2946 2086 3034 quidem
2128 2970 2258 3013 non
2299 2971 2634 3037 assequor.

513 3048 765 3114 Horum
818 3050 1126 3113 memoria
1182 3048 1687 3135 primordiorum
1729 3070 1813 3112 ne
1857 3049 2326 3136 posterioribus
2373 3052 2636 3138 quidem

338 3151 748 3237 temporibus
815 3150 1161 3215 obscurata
1218 3159 1336 3215 est.
1425 3148 1625 3231 Quod
1682 3146 1852 3215 enim
1922 3149 2079 3214 olim
2133 3174 2250 3216 suo
2306 3153 2447 3217 iure
2503 3152 2635 3218 dici

338 3252 596 3318 solebat
642 3254 935 3316 ‘mimum
977 3260 1228 3337 agere’,
1275 3273 1424 3315 cum
1467 3274 1634 3316 unus
1679 3261 1932 3337 ageret,
1993 3252 2115 3318 hoc
2159 3256 2458 3342 usurpari
2503 3278 2637 3320 non

339 3356 627 3418 desitum
671 3362 802 3437 est,
860 3375 1006 3437 cum
1051 3353 1136 3417 ad
1181 3355 1451 3417 mimum
1494 3354 1824 3439 agendum
1868 3376 1999 3418 non
2041 3355 2456 3442 paucioribus
2499 3357 2633 3421 his-

337 3455 667 3521 trionibus
712 3477 875 3547 opus
921 3465 1111 3539 esset,
1160 3477 1352 3542 quam
1383 3455 1453 3518 in
1479 3454 1752 3542 reliquis
1784 3454 2030 3521 fabula1
2047 3480 2153 3521 um
2188 3460 2636 3523 scaenicarum

336 3556 713 3643 generibus.
802 3557 943 3621 Iam
973 3558 1178 3642 igitur
1219 3556 1561 3622 dicebatur
1589 3558 1859 3621 mimum
1894 3580 2111 3643 agere,
2155 3580 2287 3623 non
2317 3561 2431 3645 qui
2459 3558 2635 3624 solus

335 3653 590 3724 actoris
627 3668 845 3746 partes
893 3658 1295 3741 sustinebat,
1358 3659 1469 3722 sed
1519 3682 1685 3723 unus
1732 3661 2008 3747 quisque
2022 3709 2041 3742 ,
2095 3661 2279 3725 cuius
2325 3661 2394 3725 in
2436 3662 2635 3727 mimo

334 3758 598 3847 agendo
661 3759 916 3846 aliquae
983 3770 1168 3825 erant
1221 3771 1473 3848 parteS,
1540 3762 1685 3826 sive
1745 3763 2024 3848 primae,
2089 3763 2233 3827 sive
2288 3762 2633 3828 secundae.

337 3862 533 3944 Quae
575 3862 815 3928 locutio
861 3884 1009 3926 cum
1053 3861 1247 3927 facile
1293 3883 1574 3927 errorem
1617 3885 1958 3950 procreare
1998 3865 2305 3951 potuerit,
2351 3886 2483 3929 non
2512 3865 2632 3928 mi-

333 3987 485 4029 rum
530 3963 898 4048 videbitur,
942 3964 1097 4029 inde
1140 3963 1373 4030 falsam
1416 3964 1595 4029 illam
1640 3966 2013 4052 opinionem
2057 3974 2266 4065 ortam
2310 3976 2376 4032 et
2418 3988 2627 4053 usque

473 4153 528 4222 *)
565 4155 761 4207 Utrum
798 4142 1027 4207 ‘Tusca'
1065 4170 1279 4222 quoque
1304 4156 1534 4207 Laberii
1569 4156 1676 4206 huc
1712 4156 1906 4219 faciat,
1945 4171 2018 4207 an
2052 4156 2234 4222 potius
2264 4154 2635 4221 intelligenda

333 4243 416 4293 sit
450 4242 712 4295 meretrix
744 4242 861 4293 vici
894 4241 1083 4304 Tusci,
1119 4240 1346 4292 videant
1381 4240 1499 4291 alii.
1573 4241 1660 4291 Cf.
1697 4240 1881 4291 Plaut.
1923 4240 2085 4292 Curc.
2110 4242 2229 4294 482.
2265 4241 2400 4290 Hor.
2441 4240 2558 4290 Sat.
2575 4243 2634 4320 2ἲ

332 4333 395 4392 3,
437 4329 556 4377 228.
595 4354 660 4362 —
696 4327 1044 4377 Priscianum
1079 4327 1146 4376 X.
1184 4329 1245 4390 8,
1295 4342 1344 4391 p.
1382 4328 1482 4377 900
1526 4327 1588 4380 Ρ.
1627 4326 1918 4391 scripsisse
1958 4326 2200 4375 conicio:
2248 4321 2536 4376 Publilius
2569 4323 2635 4376 i‘n

330 4407 702 4463 M'wrmillone
738 4410 924 4475 (vulgo
960 4407 1416 4473 Murmwnthone,
1450 4407 1846 4462 Murmwrcone
1882 4409 1970 4462 vel
2006 4405 2385 4474 Mur-midone)
2425 4405 2635 4461 ‘Cellas

331 4500 620 4553 servorum
655 4493 945 4549 converri&
1757 4506 1770 4517 “
