3209 5184
587 440 706 504 126
1176 441 1180 446 ’
1379 450 1816 499 sumamma
1861 449 2082 498 FALso

751 605 1216 671 Iusiurandum
1257 602 1455 668 alieni
1497 602 1701 668 infido
1748 601 2172 689 emplastrum
2214 602 2385 666 aeris
2430 610 2550 666 est.

646 789 649 794 ἡ
751 707 864 772 Ius
911 728 1166 771 omnem
1209 727 1406 792 supra
1444 704 1753 770 iniuriam
1796 705 2081 791 positum
2126 704 2320 769 scias.

753 809 975 874 Labor
1016 807 1397 896 imperantis
1441 805 1725 871 militum
1771 806 2109 871 securitas.

587 917 707 978 185
751 912 959 976 Lassa
1003 908 1353 975 crudelitas
1399 930 1527 974 non
1571 903 1687 973 est*
1715 907 2012 973 vocanda
2056 907 2424 973 clementia.

751 1013 1041 1099 Lepores
1087 1012 1213 1075 duo
1260 1012 1370 1097 qui
1415 1011 1802 1097 insequitur,
1848 1010 1905 1074 is
1951 1017 2249 1075 neutrum
2299 1010 2495 1097 capit.

754 1114 1015 1198 Lingua
1061 1123 1160 1179 est
1202 1111 1603 1199 maliloquax
1646 1112 1882 1176 mentis
1928 1110 2247 1176 indicium
2291 1109 2520 1175 malae.

753 1217 948 1301 Mage
993 1213 1288 1281 cavenda
1328 1215 1684 1279 amicorum
1714 1213 1990 1295 invidia,
2038 1233 2229 1299 quam
2257 1211 2539 1276 insidiae
2565 1211 2884 1276 hostium.

757 1318 1076 1403 Magister
1119 1316 1399 1381 infidelis
1447 1325 1546 1381 est
1587 1317 1751 1380 recti
1794 1324 2024 1379 metus.

595 1427 717 1486 190
761 1419 1071 1504 Magnam
1115 1417 1439 1483 fortunam
1482 1439 1758 1502 magnus
1801 1418 2055 1482 animus
2103 1416 2312 1480 decet.

758 1521 988 1608 Magni
1017 1521 1220 1585 animi
1252 1530 1350 1586 est
1378 1520 1718 1607 proprium
1747 1540 1889 1583 esse
1912 1515 2355 1604 tranquillum,
2382 1517 2654 1581 iniurias
2681 1525 2890 1603 atque

1802 1619 2187 1687 offensiones
2231 1641 2488 1707 semper
2517 1618 2888 1705 despicere.

757 1723 934 1790 Male
975 1722 1245 1789 habebit
1289 1721 1602 1805 medicus,
1649 1743 1838 1786 nemo
1885 1721 1942 1786 si
1985 1720 2155 1785 male
2199 1720 2525 1787 habuerit.

759 1824 936 1890 Male
979 1826 1164 1890 vivet
1210 1824 1506 1911 quisquis
1552 1824 1800 1889 nesciet
1842 1823 2007 1887 mori
2051 1823 2238 1887 bene.

761 1926 956 1992 Malis
1003 1924 1350 2013 displicere
1393 1925 1650 1989 laudari
1695 1935 1814 1990 est.

597 2036 716 2094 195
760 2028 933 2094 Malo
978 2028 1153 2092 veris
1201 2026 1525 2092 offendere
1572 2049 1768 2114 quam
1810 2025 2069 2114 placere
2113 2025 2461 2091 adulando,

761 2128 1007 2195 Malum
1050 2128 1335 2222 alienum
1380 2137 1563 2193 tuum
1607 2149 1691 2191 ne
1734 2127 1969 2192 feceris
2014 2128 2347 2212 gaudium.

760 2231 1010 2297 Malum
1054 2230 1397 2296 consilium
1441 2229 1797 2294 consultori
1840 2230 2195 2316 pessimum
2241 2238 2359 2295 est.

762 2333 1134 2398 Maritimus
1181 2354 1327 2397 cum
1373 2332 1486 2414 sis,
1532 2329 1672 2395 fieri
1716 2332 2042 2396 terrestris
2089 2352 2271 2395 cave.

692 2473 696 2480 ·
762 2434 1127 2500 Maximum
1170 2432 1531 2497 remedium
1576 2433 1712 2496 irae
1756 2455 1939 2498 mora
1983 2442 2101 2498 est.

600 2542 725 2601 200
766 2535 955 2600 Mens
1001 2537 1380 2622 incorrupta
1421 2533 1689 2598 miseria
1733 2537 2188 2622 corrumpitur.

764 2636 1040 2702 Minime
1082 2638 1327 2701 amicus
1375 2657 1541 2718 sum,
1587 2635 1885 2701 fortunae
1930 2637 2256 2723 particeps
2299 2635 2432 2700 nisi
2476 2634 2599 2701 sim
2643 2656 2849 2699 meae.

764 2739 1114 2803 Minimum
1156 2738 1350 2821 vivit,
1399 2738 1511 2823 qui
1553 2734 1649 2800 nil
1695 2760 1886 2826 quam
1932 2739 2137 2803 vitam
2182 2738 2447 2822 cogitat.
2690 2736 2896 2824 [rum.

768 2839 1013 2904 Misera
1043 2849 1144 2905 est
1173 2839 1517 2925 aegritudo
1547 2840 1749 2904 animi
1780 2839 1862 2906 ob
1894 2840 2250 2905 alienarum
2281 2841 2564 2928 speciem
2591 2840 2899 2903 miseria-

766 2941 974 3006 Miser
1020 2941 1153 3006 dici
1197 2942 1404 3008 bonus
1451 2941 1576 3024 vir,
1624 2963 1769 3006 esse
1810 2964 1941 3006 non
1984 2951 2220 3029 potest.

605 3049 728 3108 205
774 3043 1230 3108 Misericordia
1273 3052 1374 3109 est
1417 3043 1636 3110 vicina
1664 3045 1996 3109 miseriae:
2042 3043 2242 3109 habet
2272 3043 2443 3109 enim
2475 3041 2723 3129 aliquid
2754 3051 2898 3107 tra-

1811 3146 2040 3233 hitque
2084 3168 2170 3210 ex
2213 3166 2310 3211 ea.

776 3372 893 3430 182
939 3373 1038 3430 Ps.
1071 3370 1329 3429 Laberius
1359 3390 1443 3448 ap.
1480 3372 1709 3429 Gellium
1744 3374 1845 3446 16,
1878 3374 1912 3431 7
2118 3372 2236 3431 183
2283 3373 2349 3430 F.
2382 3372 2506 3428 Sen.
2540 3371 2608 3428 de
2638 3371 2793 3429 clem.
2830 3372 2901 3445 1,

604 3460 661 3532 1,
696 3458 734 3517 8
912 3457 1033 3514 184
1081 3458 1163 3513 Gr
1194 3458 1250 3513 2.
1286 3457 1435 3513 Caec.
1468 3456 1612 3514 Balb.
1646 3457 1792 3514 Mon.
1828 3458 1929 3531 30,
1947 3459 2020 3532 =1,
2053 3476 2147 3532 pg.
2182 3458 2264 3516 30
2451 3457 2570 3515 185
2619 3458 2717 3514 Go.

602 3544 721 3601 186
771 3544 877 3601 Bo.
912 3540 986 3598 Ex
1018 3541 1304 3617 proverbio
1337 3559 1533 3618 graeco
1565 3541 1768 3598 Erasm.
1804 3542 1970 3617 Adag.
2004 3537 2066 3615 3,
2099 3542 2156 3615 3,
2191 3542 2269 3599 36
2446 3542 2564 3600 187
2608 3543 2707 3599 Ps.
2734 3541 2897 3599 Caec.

598 3628 743 3685 Ball).
771 3629 914 3685 Mon.
940 3627 1042 3701 48,
1070 3630 1128 3701 3,
1160 3646 1251 3703 pg.
1279 3628 1380 3700 34,
1412 3628 1560 3685 Sext.
1585 3627 1814 3702 Pythag.
1843 3635 1983 3683 sent.
2013 3626 2090 3684 74
2122 3644 2241 3683 cum
2274 3617 2464 3682 adnot'f
2482 3626 2663 3683 Orellii
2695 3642 2900 3700 opusc.

601 3729 737 3770 mor.
776 3716 831 3784 1,
865 3713 984 3770 581
1020 3723 1155 3769 extr.
1321 3713 1437 3770 188
1488 3715 1584 3770 Gr.
1620 3713 1768 3773 Caec.
1802 3712 1943 3769 Balb.
1974 3712 2095 3768 Par.
2131 3711 2234 3783 25,
2264 3728 2357 3786 pg.
2390 3709 2475 3768 40
2620 3711 2739 3768 189
2783 3710 2896 3767 Ps.

775 3797 895 3854 190
941 3799 1038 3854 Ge.
1074 3797 1197 3853 Sen.
1232 3797 1299 3854 de
1330 3797 1483 3854 clem.
1522 3799 1578 3870 1,
1614 3797 1674 3872 5,
1709 3797 1746 3854 5
1914 3797 2030 3855 191
2082 3797 2180 3854 Go.
2215 3796 2339 3852 Sen.
2374 3796 2440 3852 de
2472 3796 2628 3853 clem.
2666 3796 2723 3867 1,
2756 3796 2815 3868 5,
2850 3797 2899 3852 5

772 3881 891 3938 192
938 3884 1046 3938 Bo.
1076 3881 1362 3938 Philemon
1394 3882 1553 3954 srgm.
1592 3882 1669 3938 12
1859 3881 1978 3939 193
2025 3881 2282 3956 Scaliger.
2332 3880 2460 3939 Sen.
2492 3879 2560 3937 de
2592 3889 2766 3954 tranq.
2797 3896 2895 3937 an.

603 3967 705 4040 11,
738 3965 777 4022 4
953 3964 1074 4023 194
1122 3966 1222 4022 Go.
1256 3966 1329 4022 De
1359 3983 1494 4022 mor.
1529 3965 1614 4024 40
1774 3966 1893 4025 195
1937 3968 2044 4024 Pu.
2079 3965 2205 4023 Seu.
2239 3966 2304 4022 de
2336 3965 2491 4021 olem.
2527 3965 2586 4038 2,
2619 3964 2679 4038 2,
2710 3963 2746 4020 2

605 4051 723 4108 196
774 4051 872 4106 Gr.
906 4049 1055 4106 Caec.
1090 4049 1236 4106 Balb.
1269 4050 1412 4107 Mon.
1451 4052 1506 4122 1,
1542 4051 1643 4122 16,
1673 4069 1768 4126 pg.
1805 4052 1882 4108 19
2067 4051 2184 4109 197
2231 4050 2327 4107 Ps.
2360 4051 2528 4107 Varro
2560 4050 2628 4107 de
2657 4066 2716 4106 re
2746 4058 2897 4106 rust.

562 4136 663 4208 .3‚
697 4134 752 4191 2.
786 4134 988 4191 Gellius
1019 4134 1079 4207 4,
1114 4136 1173 4208 5,
1209 4136 1246 4192 5
1443 4135 1562 4193 198
1610 4137 1716 4193 Bc.
1748 4134 1950 4192 Erasmi
1982 4136 2151 4210 Adag.
2188 4136 2246 4208 3,
2277 4136 2339 4208 5,
2374 4135 2449 4191 11
2646 4135 2765 4192 199
2811 4136 2895 4193 R.

603 4221 729 4277 Seu.
762 4219 829 4276 de
872 4221 946 4276 ira
980 4219 1050 4294 2,
1085 4220 1162 4278 29
1366 4220 1490 4278 200
1531 4222 1629 4277 Ps.
1835 4220 1952 4278 201
2007 4223 2103 4278 Gr.
2136 4220 2286 4276 Caec.
2328 4219 2471 4276 Balb.
2506 4219 2648 4276 Mon.
2684 4218 2795 4290 15,
2828 4220 2899 4293 5,

602 4324 694 4379 pg.
731 4304 839 4380 243
877 4305 946 4360 cf.
980 4304 1224 4361 Menand.
1256 4304 1492 4361 Monost.
1525 4305 1666 4363 263.
1704 4305 1825 4363 673
2010 4304 2130 4363 202
2180 4306 2264 4363 Gr
2294 4304 2350 4361 2.
2383 4304 2532 4361 Caco.
2566 4304 2709 4361 Balb.
2743 4304 2899 4360 Mon.

609 4390 665 4462 1,
702 4391 759 4463 7,
790 4408 885 4464 pg.
926 4390 1000 4448 18
1203 4389 1323 4448 203
1373 4391 1471 4447 Go.
1506 4391 1631 4446 Seu.
1665 4390 1732 4446 de
1763 4390 1917 4448 clem.
1954 4390 2013 4464 2,
2046 4390 2105 4462 5,
2136 4389 2176 4445 4
2372 4389 2493 4449 204
2537 4391 2633 4447 Ps.
2665 4389 2789 4446 Sen.
2823 4389 2902 4445 de

603 4475 815 4550 provid.
849 4474 910 4547 3,
946 4474 978 4530 1
1155 4474 1276 4534 205
1326 4475 1425 4533 Go.
1456 4475 1580 4533 Sen.
1613 4475 1680 4532 de
1712 4475 1867 4532 clem.
1903 4475 1963 4549 2,
1995 4476 2054 4548 6,
2085 4474 2125 4531 4
