3209 5184
1119 446 1666 549 PhoLEGOMENA..
2003 472 2016 479 ’
2461 488 2550 554 51

255 646 320 709 id
371 648 634 731 quidem
693 646 963 710 mirum:
1021 670 1171 712 nam
1217 672 1381 735 quae
1425 660 1657 738 poetae
1700 650 1961 737 elegans
2009 662 2147 717 erat
2191 654 2540 720 verborum

257 747 606 832 collocatio,
654 771 731 813 ea
774 774 905 817 non
948 761 1127 816 recta
1172 774 1311 818 esse
1357 753 1706 818 videbatur
1749 755 2195 839 grammaticis
2242 756 2534 845 discipli-

252 872 364 913 nae
394 853 753 918 commodis
785 853 1329 949 inservientibus3
1373 856 1567 922 immo
1601 878 1725 943 quo
1758 855 2016 921 facilius
2049 858 2309 944 singula
2339 881 2536 923 enun-

251 952 403 1017 tiata
447 953 760 1042 discipuli
802 957 1230 1043 perciperent,
1277 956 1481 1023 verba
1524 959 1623 1023 ita
1653 957 2080 1042 collocabant,
2126 970 2200 1025 ut
2229 960 2538 1025 facillime

251 1056 315 1118 in
352 1058 639 1143 patrium
685 1080 1043 1123 sermonem
1088 1061 1261 1124 verti
1303 1070 1588 1146 possent.
1675 1061 1769 1126 Ut
1814 1062 2112 1149 exemplo
2156 1073 2325 1145 utar,
2373 1052 2537 1129 solet

252 1157 566 1224 Publilius
610 1182 967 1246 pronomen
1009 1160 1359 1227 relativum
1390 1185 1518 1227 non
1551 1164 1739 1244 initio
1773 1165 2093 1229 enuntiati
2122 1188 2383 1252 ponere,
2417 1166 2534 1231 sed

250 1259 442 1327 altero
489 1261 600 1325 vel
642 1265 836 1328 tertio
881 1262 1055 1347 loco;
1104 1263 1222 1328 sed
1267 1264 1524 1329 saeculo
1556 1264 1757 1329 XIII.
1836 1260 2223 1333 Vincentius
2257 1270 2537 1347 turbatis

154 1424 161 1429 .
249 1363 477 1428 iambis
524 1365 789 1451 scripsit
832 1387 897 1429 V.
942 1365 982 1428 2
1028 1367 1195 1449 quod
1235 1367 1420 1432 alteri
1458 1368 1698 1452 feceris,
1750 1368 1829 1431 12
1859 1370 1970 1450 qui
2014 1390 2156 1434 eum
2200 1371 2368 1435 ebrio
2415 1371 2539 1435 liti-

242 1472 363 1547 ραι,
414 1467 540 1530 179
585 1469 697 1548 qui
737 1469 925 1550 sidem
955 1470 1186 1551 perdit.
1280 1468 1462 1548 Quid
1508 1470 1684 1555 quod
1734 1470 1866 1534 iam
1912 1470 2169 1536 saeculo
2216 1471 2343 1536 XI.
2390 1470 2537 1535 Fri·
2614 1494 2621 1503 ·

248 1568 568 1653 singensis
613 1590 878 1633 versum
920 1569 1046 1634 463
1092 1570 1186 1633 sic
1234 1570 1531 1636 exhibet:

646 1727 769 1797 Ero
810 1729 1098 1789 medicina
1140 1734 1221 1789 est
1263 1731 1441 1798 dolor,
1487 1733 1589 1803 qui
1613 1700 1882 1791 'dfilorem
1923 1738 2112 1803 necat,

246 1884 654 1963 repugnante
697 1885 927 1958 metm,
975 1875 1150 1962 quod
1193 1878 1324 1942 iam
1368 1876 1690 1942 Gruterus
1736 1888 1910 1944 recte
1933 1881 2050 1969 ‚sic
2099 1881 2385 1947 correxit
2430 1882 2535 1947 do-

246 1981 435 2044 lorem
480 1980 591 2061 qui
631 1985 829 2044 necat.
906 1978 1010 2043 Of.
1055 1978 1142 2041 ad
1186 2000 1251 2042 v.
1296 1979 1402 2043 46.
1477 1978 1632 2043 Alia
1676 1989 1895 2045 tamen
1941 1982 2232 2047 eiusdem
2276 1985 2543 2067 generis-

243 2081 344 2145 vel
387 2081 788 2146 novissimos
837 2079 1118 2144 editores
1166 2080 1550 2166 effugerunt.
1642 2081 1744 2146 Cf.
1789 2083 1875 2147 ad
1920 2106 1985 2147 v.
2030 2084 2177 2148 441.
2208 2085 2357 2148 442.
2387 2085 2535 2150 447.

243 2184 382 2248 601.
479 2181 656 2246 Hinc
701 2183 981 2248 efficitur
1025 2183 1338 2266 codicem,
1386 2205 1472 2247 ex
1515 2206 1642 2269 quo
1681 2182 2123 2270 Frisingensis
2170 2185 2537 2273 descriptus

245 2297 358 2371 est,
410 2294 757 2373 expertum
803 2307 945 2350 esse
989 2307 1254 2349 manum
1286 2286 1789 2350 emendatricem
1820 2287 2231 2373 grammatici
2261 2285 2538 2352 alicuius

244 2398 302 2451 et
344 2389 539 2475 quasi
581 2386 872 2452 medium
916 2386 1119 2452 fuisse
1162 2388 1334 2452 inter
1363 2387 1786 2453 Turicensem
1829 2399 1898 2455 et
1941 2388 2143 2455 libros
2188 2388 2537 2475 interpola·

241 2490 528 2554 tionibus
584 2491 803 2554 minus
859 2489 1136 2554 i‘nfectos
1185 2489 1405 2571 PRB,
1462 2492 1564 2556 his
1610 2500 1826 2556 tamen
1872 2493 2263 2580 propiorem.
2355 2490 2539 2571 Quid

239 2591 423 2656 aliud
467 2591 599 2656 sibi
642 2591 853 2657 voluit
897 2591 1321 2680 interpolator
1366 2591 1478 2656 ille
1523 2614 1587 2656 v.
1639 2594 1759 2658 148

672 2751 879 2811 Etiam
919 2753 1054 2822 huie
1084 2756 1317 2825 peceato
1359 2756 1504 2811 reete
1536 2757 1879 2825 praestatur
1913 2753 2081 2828 fideS,
2339 2789 2370 2820 .

243 2921 438 2985 quam
481 2908 555 2964 ut
612 2897 837 2964 addito
881 2897 1198 2963 vocabulo
1241 2899 1388 2964 huie
1429 2910 1723 2964 moneret
1754 2906 2008 2982 peceato
2056 2920 2197 2963 esse
2242 2899 2538 2965 dativum

240 3024 366 3085 non
425 3000 819 3083 ablativum,
878 3000 985 3064 vel
1042 3022 1232 3088 posse
1286 3023 1402 3088 pro
1458 3023 1528 3064 re
1575 3001 1951 3085 (peceatum)
1998 3023 2340 3088 personam
2384 3001 2535 3066 sub-

240 3104 431 3169 stitui
479 3102 821 3188 (peccanti,
870 3101 975 3166 vel
1008 3105 1357 3185 peccatori,
1403 3111 1475 3166 ut
1533 3104 1848 3191 scriptum
1894 3114 1993 3167 est
2050 3103 2121 3166 in
2165 3104 2537 3191 Bernensi)‚

241 3227 391 3270 cum
437 3228 521 3271 ex
564 3206 889 3271 Dositheo
934 3206 1392 3290 grammaticos
1439 3207 1821 3291 pronomine
1865 3206 1996 3290 hic,
2041 3207 2219 3286 haee,
2266 3207 2407 3287 hoe,
2452 3206 2539 3270 ad

238 3309 684 3374 denotandum
726 3330 933 3394 genus
976 3306 1437 3389 masculinum,
1486 3306 1873 3373 femininum
1914 3318 2345 3395 neutrumque
2386 3330 2537 3373 usos

239 3434 384 3477 esse
431 3413 733 3476 sciamus.
809 3409 992 3491 Quid
1038 3419 1138 3475 est
1179 3408 1362 3473 aliud
1402 3432 1586 3496 prov.
1621 3412 1703 3475 36
1735 3431 2004 3493 peecare
2041 3432 2116 3476 eoe
2158 3411 2537 3493 neyliyeutia

236 3516 327 3581 vel
381 3514 765 3597 frayilitate,
822 3513 952 3578 nisi
1007 3512 1708 3599 interpretamentum?
1773 3512 1876 3576 Of.
1923 3521 2260 3599 praeterea
2302 3533 2366 3578 v.
2412 3510 2532 3574 601

236 3620 358 3682 sibi
419 3619 546 3700 ipsi
593 3615 757 3701 (dat)
776 3597 1219 3698 ‘supplicium,
1278 3614 1452 3700 quod
1498 3635 1653 3677 num
1698 3613 1972 3678 latinum
2018 3613 2105 3678 sit
2149 3610 2412 3694 dubit0,
2469 3633 2536 3689 v,

236 3720 359 3782 211
410 3741 555 3784 eave
602 3717 767 3805 ene),
827 3740 891 3781 v.
937 3718 1060 3782 628
1105 3720 1360 3801 misero,
1408 3736 1573 3803 quae
1619 3717 1836 3780 omnia
1879 3737 2142 3804 prorsus
2188 3712 2350 3778 mihi
2394 3737 2537 3801 per-

247 3820 552 3903 suadent,
599 3820 671 3884 in
715 3842 781 3883 v.
827 3820 950 3884 207
1001 3841 1260 3907 quoque

614 3979 883 4039 Honesta
923 3980 1219 4052 turpitudo
1265 3982 1346 4037 est
1387 3979 1539 4036 mori
1571 3995 1687 4050 pro
1732 3995 1913 4038 eausa
1957 3977 2128 4047 bona,

238 4128 570 4214 glossema
601 4149 742 4192 esse
771 4129 952 4210 mori,
985 4148 1373 4213 quamquam
1405 4126 1473 4188 in
1505 4123 1805 4190 omnibus
1838 4125 2021 4189 libris
2055 4132 2383 4189 servatum
2417 4133 2533 4186 est.

409 4232 479 4318 3)
527 4230 667 4295 Nec
710 4239 929 4293 tamen
992 4229 1405 4314 grammatici
1449 4225 1547 4290 illi
1593 4267 1674 4273 —-
1718 4227 1846 4317 nisi
1892 4226 2390 4311 interpolatores
2437 4224 2533 4288 di·

237 4356 386 4398 cere
428 4333 645 4398 mavis
673 4371 760 4380 ——
790 4330 1064 4417 singulis
1111 4328 1384 4396 vocibus
1429 4330 1792 4410 mutandis,
1838 4326 2185 4409 addendis,
2231 4335 2528 4413 transpo-

236 4434 474 4500 nendis
506 4430 795 4502 contenti
828 4429 1254 4515 fuerunt,'sed
1288 4453 1362 4494 eo
1393 4431 1725 4517 progressi
1756 4439 1928 4513 sunt,
1953 4439 2027 4493 ut
2057 4429 2532 4513 interpretandi
2653 4468 2662 4477 ι

238 4549 303 4603 et
350 4537 653 4602 variandi
702 4538 914 4621 gratia
957 4557 1160 4600 novas
1207 4533 1563 4597 sententias
1610 4533 1932 4617 fingerent
1977 4553 2214 4617 easque
2258 4530 2344 4594 ad
2387 4553 2530 4594 ver-

2050 4634 2125 4687 4*
2215 4666 2228 4675 ·
