<?xml version="1.0" encoding="UTF-8"?>
<!DOCTYPE html PUBLIC "-//W3C//DTD XHTML 1.0 Transitional//EN"
    "http://www.w3.org/TR/xhtml1/DTD/xhtml1-transitional.dtd">
<html xmlns="http://www.w3.org/1999/xhtml" xml:lang="en" lang="en">
 <head>
  <title>
</title>
<meta http-equiv="Content-Type" content="text/html;charset=utf-8" />
  <meta name='ocr-system' content='tesseract 3.04.00' />
  <meta name='ocr-capabilities' content='ocr_page ocr_carea ocr_par ocr_line ocrx_word'/>
</head>
<body>
  <div class='ocr_page' id='page_1' title='image "./publiliisyrisen01martgoog_0175.png"; bbox 0 0 3209 5184; ppageno 0'>
   <div class='ocr_carea' id='block_1_1' title="bbox 1184 495 2558 560">
    <p class='ocr_par' dir='ltr' id='par_1_1' title="bbox 1184 495 2558 560">
     <span class='ocr_line' id='line_1_1' title="bbox 1184 495 2558 560; baseline 0.007 -9"><span class='ocrx_word' id='word_1_1' title='bbox 1184 506 1280 553; x_wconf 82' lang='lat' dir='ltr'>DE</span> <span class='ocrx_word' id='word_1_2' title='bbox 1322 504 1652 553; x_wconf 69' lang='lat' dir='ltr'>uomens.</span> <span class='ocrx_word' id='word_1_3' title='bbox 2439 495 2558 560; x_wconf 86' lang='lat'>137</span> 
     </span>
    </p>
   </div>
   <div class='ocr_carea' id='block_1_2' title="bbox 308 651 2558 2579">
    <p class='ocr_par' dir='ltr' id='par_1_2' title="bbox 352 651 1848 749">
     <span class='ocr_line' id='line_1_2' title="bbox 352 651 1848 749; baseline -0.003 -21"><span class='ocrx_word' id='word_1_4' title='bbox 352 672 407 728; x_wconf 85' lang='lat'>7.</span> <span class='ocrx_word' id='word_1_5' title='bbox 457 663 720 749; x_wconf 84' lang='lat' dir='ltr'>Specta,</span> <span class='ocrx_word' id='word_1_6' title='bbox 767 651 944 748; x_wconf 90' lang='lat' dir='ltr'>quod</span> <span class='ocrx_word' id='word_1_7' title='bbox 986 670 1055 724; x_wconf 86' lang='lat' dir='ltr'>te</span> <span class='ocrx_word' id='word_1_8' title='bbox 1097 678 1451 745; x_wconf 84' lang='lat' dir='ltr'>numquam</span> <span class='ocrx_word' id='word_1_9' title='bbox 1493 660 1848 746; x_wconf 84' lang='lat' dir='ltr'>paeniteat.</span> 
     </span>
    </p>

    <p class='ocr_par' dir='ltr' id='par_1_3' title="bbox 351 759 2207 851">
     <span class='ocr_line' id='line_1_3' title="bbox 351 759 2207 851; baseline -0.003 -19"><span class='ocrx_word' id='word_1_10' title='bbox 351 774 410 832; x_wconf 91' lang='grc'>8.</span> <span class='ocrx_word' id='word_1_11' title='bbox 457 766 609 831; x_wconf 86' lang='lat' dir='ltr'>Non</span> <span class='ocrx_word' id='word_1_12' title='bbox 651 784 845 851; x_wconf 90' lang='lat' dir='ltr'>quam</span> <span class='ocrx_word' id='word_1_13' title='bbox 889 761 1113 826; x_wconf 85' lang='lat' dir='ltr'>multis</span> <span class='ocrx_word' id='word_1_14' title='bbox 1158 759 1463 848; x_wconf 85' lang='lat' dir='ltr'>placeas,&#39;</span> <span class='ocrx_word' id='word_1_15' title='bbox 1485 760 1604 824; x_wconf 88' lang='lat' dir='ltr'>sed</span> <span class='ocrx_word' id='word_1_16' title='bbox 1650 761 1952 848; x_wconf 84' lang='lat' dir='ltr'>qualibus</span> <span class='ocrx_word' id='word_1_17' title='bbox 1998 762 2207 827; x_wconf 88' lang='lat' dir='ltr'>stude.</span> 
     </span>
    </p>

    <p class='ocr_par' dir='ltr' id='par_1_4' title="bbox 351 861 2554 953">
     <span class='ocr_line' id='line_1_4' title="bbox 351 861 2554 953; baseline -0.001 -21"><span class='ocrx_word' id='word_1_18' title='bbox 351 877 408 932; x_wconf 80' lang='lat'>9.</span> <span class='ocrx_word' id='word_1_19' title='bbox 456 867 539 931; x_wconf 92' lang='lat' dir='ltr'>In</span> <span class='ocrx_word' id='word_1_20' title='bbox 565 867 689 930; x_wconf 89' lang='lat' dir='ltr'>hoc</span> <span class='ocrx_word' id='word_1_21' title='bbox 706 870 967 944; x_wconf 83' lang='lat' dir='ltr'>(tamen)</span> <span class='ocrx_word' id='word_1_22' title='bbox 989 861 1317 944; x_wconf 83' lang='lat' dir='ltr'>incumbe,</span> <span class='ocrx_word' id='word_1_23' title='bbox 1339 871 1414 926; x_wconf 82' lang='lat' dir='ltr'>ut</span> <span class='ocrx_word' id='word_1_24' title='bbox 1442 861 1755 927; x_wconf 86' lang='lat' dir='ltr'>libentius</span> <span class='ocrx_word' id='word_1_25' title='bbox 1784 863 2011 929; x_wconf 85' lang='lat' dir='ltr'>audias</span> <span class='ocrx_word' id='word_1_26' title='bbox 2031 886 2226 951; x_wconf 89' lang='lat' dir='ltr'>quam</span> <span class='ocrx_word' id='word_1_27' title='bbox 2247 865 2554 953; x_wconf 79' lang='lat' dir='ltr'>loquariS.</span> 
     </span>
    </p>

    <p class='ocr_par' dir='ltr' id='par_1_5' title="bbox 317 964 2558 1136">
     <span class='ocr_line' id='line_1_5' title="bbox 317 964 2558 1053; baseline -0.001 -20"><span class='ocrx_word' id='word_1_28' title='bbox 317 976 408 1036; x_wconf 92' lang='grc'>10.</span> <span class='ocrx_word' id='word_1_29' title='bbox 452 966 696 1033; x_wconf 86' lang='lat' dir='ltr'>Multos</span> <span class='ocrx_word' id='word_1_30' title='bbox 742 967 949 1030; x_wconf 84' lang='lat' dir='ltr'>vitam</span> <span class='ocrx_word' id='word_1_31' title='bbox 993 964 1365 1029; x_wconf 86' lang='lat' dir='ltr'>differentes</span> <span class='ocrx_word' id='word_1_32' title='bbox 1394 985 1567 1028; x_wconf 86' lang='lat' dir='ltr'>mors</span> <span class='ocrx_word' id='word_1_33' title='bbox 1598 964 1849 1029; x_wconf 84' lang='lat' dir='ltr'>incerta</span> <span class='ocrx_word' id='word_1_34' title='bbox 1876 967 2251 1051; x_wconf 84' lang='lat' dir='ltr'>praevenit:</span> <span class='ocrx_word' id='word_1_35' title='bbox 2297 967 2558 1053; x_wconf 85' lang='lat' dir='ltr'>(itaque)</span> 
     </span>
     <span class='ocr_line' id='line_1_6' title="bbox 458 1064 1993 1136; baseline -0.003 0"><span class='ocrx_word' id='word_1_36' title='bbox 458 1069 666 1136; x_wconf 89' lang='lat' dir='ltr'>omnis</span> <span class='ocrx_word' id='word_1_37' title='bbox 713 1066 854 1131; x_wconf 91' lang='lat' dir='ltr'>dies</span> <span class='ocrx_word' id='word_1_38' title='bbox 898 1065 1082 1131; x_wconf 85' lang='lat' dir='ltr'>velut</span> <span class='ocrx_word' id='word_1_39' title='bbox 1125 1064 1393 1131; x_wconf 85' lang='lat' dir='ltr'>ultimus</span> <span class='ocrx_word' id='word_1_40' title='bbox 1436 1064 1828 1131; x_wconf 85' lang='lat' dir='ltr'>iudicandus</span> <span class='ocrx_word' id='word_1_41' title='bbox 1875 1075 1993 1131; x_wconf 84' lang='lat' dir='ltr'>est.</span> 
     </span>
    </p>

    <p class='ocr_par' dir='ltr' id='par_1_6' title="bbox 311 1166 2554 1337">
     <span class='ocr_line' id='line_1_7' title="bbox 311 1166 2554 1255; baseline -0.001 -18"><span class='ocrx_word' id='word_1_42' title='bbox 311 1181 409 1238; x_wconf 92' lang='lat'>11.</span> <span class='ocrx_word' id='word_1_43' title='bbox 457 1169 859 1251; x_wconf 87' lang='lat' dir='ltr'>Tristitiam,</span> <span class='ocrx_word' id='word_1_44' title='bbox 906 1169 965 1232; x_wconf 87' lang='lat' dir='ltr'>si</span> <span class='ocrx_word' id='word_1_45' title='bbox 1009 1176 1226 1255; x_wconf 86' lang='lat' dir='ltr'>potes,</span> <span class='ocrx_word' id='word_1_46' title='bbox 1272 1188 1356 1230; x_wconf 92' lang='lat' dir='ltr'>ne</span> <span class='ocrx_word' id='word_1_47' title='bbox 1398 1166 1779 1251; x_wconf 89' lang='lat' dir='ltr'>admiseris,</span> <span class='ocrx_word' id='word_1_48' title='bbox 1826 1170 1886 1232; x_wconf 89' lang='lat' dir='ltr'>si</span> <span class='ocrx_word' id='word_1_49' title='bbox 1928 1169 2168 1251; x_wconf 77' lang='lat' dir='ltr'>minue,</span> <span class='ocrx_word' id='word_1_50' title='bbox 2214 1191 2296 1233; x_wconf 91' lang='lat' dir='ltr'>ne</span> <span class='ocrx_word' id='word_1_51' title='bbox 2339 1179 2554 1235; x_wconf 81' lang='lat' dir='ltr'>osten-</span> 
     </span>
     <span class='ocr_line' id='line_1_8' title="bbox 466 1273 664 1337; baseline -0.015 0"><span class='ocrx_word' id='word_1_52' title='bbox 466 1273 664 1337; x_wconf 75' lang='lat' dir='ltr'>deriS.</span> 
     </span>
    </p>

    <p class='ocr_par' dir='ltr' id='par_1_7' title="bbox 311 1369 2132 1457">
     <span class='ocr_line' id='line_1_9' title="bbox 311 1369 2132 1457; baseline -0.004 -18"><span class='ocrx_word' id='word_1_53' title='bbox 311 1384 411 1440; x_wconf 77' lang='lat'>12.</span> <span class='ocrx_word' id='word_1_54' title='bbox 453 1374 721 1439; x_wconf 80' lang='lat' dir='ltr'>Amicos</span> <span class='ocrx_word' id='word_1_55' title='bbox 766 1380 1014 1436; x_wconf 85' lang='lat' dir='ltr'>secreto</span> <span class='ocrx_word' id='word_1_56' title='bbox 1058 1372 1355 1452; x_wconf 82' lang='lat' dir='ltr'>admone,</span> <span class='ocrx_word' id='word_1_57' title='bbox 1401 1370 1618 1457; x_wconf 87' lang='lat' dir='ltr'>palam</span> <span class='ocrx_word' id='word_1_58' title='bbox 1661 1369 1875 1434; x_wconf 88' lang='lat' dir='ltr'>lauda.</span> <span class='ocrx_word' id='word_1_59' title='bbox 2107 1435 2132 1444; x_wconf 37' lang='lat'><em>2</em></span> 
     </span>
    </p>

    <p class='ocr_par' dir='ltr' id='par_1_8' title="bbox 308 1472 2122 1560">
     <span class='ocr_line' id='line_1_10' title="bbox 308 1472 2122 1560; baseline -0.003 -19"><span class='ocrx_word' id='word_1_60' title='bbox 308 1486 405 1543; x_wconf 89' lang='lat'>13.</span> <span class='ocrx_word' id='word_1_61' title='bbox 452 1473 676 1540; x_wconf 89' lang='lat' dir='ltr'>Verba</span> <span class='ocrx_word' id='word_1_62' title='bbox 719 1474 936 1557; x_wconf 78' lang='lat' dir='ltr'>rebuS,</span> <span class='ocrx_word' id='word_1_63' title='bbox 980 1495 1113 1537; x_wconf 92' lang='lat' dir='ltr'>non</span> <span class='ocrx_word' id='word_1_64' title='bbox 1154 1472 1450 1560; x_wconf 88' lang='lat' dir='ltr'>personis</span> <span class='ocrx_word' id='word_1_65' title='bbox 1495 1472 1904 1536; x_wconf 86' lang='lat' dir='ltr'>aestimanda</span> <span class='ocrx_word' id='word_1_66' title='bbox 1948 1483 2122 1538; x_wconf 84' lang='lat' dir='ltr'>sunt.</span> 
     </span>
    </p>

    <p class='ocr_par' dir='ltr' id='par_1_9' title="bbox 310 1573 2551 1768">
     <span class='ocr_line' id='line_1_11' title="bbox 310 1573 2551 1670; baseline -0 -26"><span class='ocrx_word' id='word_1_67' title='bbox 310 1587 408 1645; x_wconf 85' lang='lat'>14.</span> <span class='ocrx_word' id='word_1_68' title='bbox 457 1578 802 1670; x_wconf 69' lang='lat' dir='ltr'>Oratorem</span> <span class='ocrx_word' id='word_1_69' title='bbox 857 1584 925 1639; x_wconf 86' lang='lat' dir='ltr'>te</span> <span class='ocrx_word' id='word_1_70' title='bbox 979 1583 1172 1662; x_wconf 89' lang='lat' dir='ltr'>puta,</span> <span class='ocrx_word' id='word_1_71' title='bbox 1242 1576 1299 1638; x_wconf 87' lang='lat' dir='ltr'>si</span> <span class='ocrx_word' id='word_1_72' title='bbox 1351 1573 1477 1639; x_wconf 85' lang='lat' dir='ltr'>tibi</span> <span class='ocrx_word' id='word_1_73' title='bbox 1529 1584 1683 1639; x_wconf 88' lang='lat' dir='ltr'>ante</span> <span class='ocrx_word' id='word_1_74' title='bbox 1735 1595 1988 1659; x_wconf 88' lang='lat' dir='ltr'>omnes,</span> <span class='ocrx_word' id='word_1_75' title='bbox 2049 1574 2223 1662; x_wconf 88' lang='lat' dir='ltr'>quod</span> <span class='ocrx_word' id='word_1_76' title='bbox 2278 1585 2551 1664; x_wconf 82' lang='lat' dir='ltr'><strong>oportet,</strong></span> 
     </span>
     <span class='ocr_line' id='line_1_12' title="bbox 459 1678 2387 1768; baseline -0.003 -25"><span class='ocrx_word' id='word_1_77' title='bbox 459 1678 883 1768; x_wconf 76' lang='lat' dir='ltr'>persuaseris,</span> <span class='ocrx_word' id='word_1_78' title='bbox 1334 1705 1339 1708; x_wconf 97' lang='lat'>·</span> <span class='ocrx_word' id='word_1_79' title='bbox 2378 1685 2387 1694; x_wconf 87' lang='lat'>&#39;</span> 
     </span>
    </p>

    <p class='ocr_par' dir='ltr' id='par_1_10' title="bbox 308 1778 2548 1963">
     <span class='ocr_line' id='line_1_13' title="bbox 308 1778 2548 1866; baseline -0.001 -19"><span class='ocrx_word' id='word_1_80' title='bbox 308 1790 407 1848; x_wconf 83' lang='lat'>15.</span> <span class='ocrx_word' id='word_1_81' title='bbox 457 1780 553 1847; x_wconf 80' lang='lat' dir='ltr'>Ut</span> <span class='ocrx_word' id='word_1_82' title='bbox 604 1778 945 1844; x_wconf 84' lang='lat' dir='ltr'>licentiosa</span> <span class='ocrx_word' id='word_1_83' title='bbox 998 1779 1322 1865; x_wconf 89' lang='lat' dir='ltr'>mancipia</span> <span class='ocrx_word' id='word_1_84' title='bbox 1377 1778 1580 1842; x_wconf 84' lang='lat' dir='ltr'>animi</span> <span class='ocrx_word' id='word_1_85' title='bbox 1635 1779 1909 1865; x_wconf 90' lang='lat' dir='ltr'>imperio</span> <span class='ocrx_word' id='word_1_86' title='bbox 1969 1801 2194 1844; x_wconf 81' lang='lat' dir='ltr'>coerce</span> <span class='ocrx_word' id='word_1_87' title='bbox 2237 1780 2548 1866; x_wconf 85' lang='lat' dir='ltr'>linguam,</span> 
     </span>
     <span class='ocr_line' id='line_1_14' title="bbox 457 1879 1186 1963; baseline -0.004 -17"><span class='ocrx_word' id='word_1_88' title='bbox 457 1892 775 1963; x_wconf 86' lang='lat' dir='ltr'>ventrem,</span> <span class='ocrx_word' id='word_1_89' title='bbox 822 1879 1186 1946; x_wconf 83' lang='lat' dir='ltr'>libidinem.</span> 
     </span>
    </p>

    <p class='ocr_par' dir='ltr' id='par_1_11' title="bbox 311 1979 2547 2171">
     <span class='ocr_line' id='line_1_15' title="bbox 311 1979 2547 2072; baseline -0.002 -20"><span class='ocrx_word' id='word_1_90' title='bbox 311 1994 408 2052; x_wconf 88' lang='grc'>16.</span> <span class='ocrx_word' id='word_1_91' title='bbox 453 1983 646 2066; x_wconf 78' lang='lat' dir='ltr'>Quod</span> <span class='ocrx_word' id='word_1_92' title='bbox 700 1985 969 2049; x_wconf 88' lang='lat' dir='ltr'>tacitum</span> <span class='ocrx_word' id='word_1_93' title='bbox 1012 1979 1179 2046; x_wconf 87' lang='lat' dir='ltr'>velis</span> <span class='ocrx_word' id='word_1_94' title='bbox 1226 2003 1400 2064; x_wconf 90' lang='lat' dir='ltr'>esse,</span> <span class='ocrx_word' id='word_1_95' title='bbox 1456 1983 1705 2047; x_wconf 90' lang='lat' dir='ltr'>nemini</span> <span class='ocrx_word' id='word_1_96' title='bbox 1764 1981 2034 2046; x_wconf 82' lang='lat' dir='ltr'>dixeris.</span> <span class='ocrx_word' id='word_1_97' title='bbox 2126 1982 2196 2048; x_wconf 85' lang='lat' dir='ltr'>Si</span> <span class='ocrx_word' id='word_1_98' title='bbox 2241 1984 2362 2048; x_wconf 88' lang='lat' dir='ltr'>tibi</span> <span class='ocrx_word' id='word_1_99' title='bbox 2419 1985 2547 2072; x_wconf 87' lang='lat' dir='ltr'>ipsi</span> 
     </span>
     <span class='ocr_line' id='line_1_16' title="bbox 453 2082 2381 2171; baseline 0 -21"><span class='ocrx_word' id='word_1_100' title='bbox 453 2108 584 2152; x_wconf 93' lang='lat' dir='ltr'>non</span> <span class='ocrx_word' id='word_1_101' title='bbox 626 2085 986 2171; x_wconf 82' lang='lat' dir='ltr'>imperasti,</span> <span class='ocrx_word' id='word_1_102' title='bbox 1032 2082 1355 2171; x_wconf 90' lang='lat' dir='ltr'>quomodo</span> <span class='ocrx_word' id='word_1_103' title='bbox 1399 2083 1484 2147; x_wconf 89' lang='lat' dir='ltr'>ab</span> <span class='ocrx_word' id='word_1_104' title='bbox 1527 2083 1678 2148; x_wconf 89' lang='lat' dir='ltr'>aliis</span> <span class='ocrx_word' id='word_1_105' title='bbox 1730 2084 2063 2148; x_wconf 87' lang='lat' dir='ltr'>silentium</span> <span class='ocrx_word' id='word_1_106' title='bbox 2107 2086 2381 2170; x_wconf 83' lang='lat' dir='ltr'>speras?</span> 
     </span>
    </p>

    <p class='ocr_par' dir='ltr' id='par_1_12' title="bbox 314 2183 2552 2376">
     <span class='ocr_line' id='line_1_17' title="bbox 314 2183 2552 2272; baseline 0 -19"><span class='ocrx_word' id='word_1_107' title='bbox 314 2196 408 2254; x_wconf 84' lang='grc'>17.</span> <span class='ocrx_word' id='word_1_108' title='bbox 454 2186 827 2252; x_wconf 89' lang='lat' dir='ltr'>Ridiculum</span> <span class='ocrx_word' id='word_1_109' title='bbox 884 2196 983 2250; x_wconf 87' lang='lat' dir='ltr'>est</span> <span class='ocrx_word' id='word_1_110' title='bbox 1024 2184 1307 2272; x_wconf 90' lang='lat' dir='ltr'>aliquem</span> <span class='ocrx_word' id='word_1_111' title='bbox 1352 2183 1501 2250; x_wconf 92' lang='lat' dir='ltr'>odio</span> <span class='ocrx_word' id='word_1_112' title='bbox 1543 2187 1839 2250; x_wconf 87' lang='lat' dir='ltr'>nocentis</span> <span class='ocrx_word' id='word_1_113' title='bbox 1884 2187 2322 2251; x_wconf 89' lang='lat' dir='ltr'>innocentiam</span> <span class='ocrx_word' id='word_1_114' title='bbox 2367 2211 2552 2253; x_wconf 89' lang='lat' dir='ltr'>suam</span> 
     </span>
     <span class='ocr_line' id='line_1_18' title="bbox 461 2288 753 2376; baseline 0.003 -25"><span class='ocrx_word' id='word_1_115' title='bbox 461 2288 753 2376; x_wconf 87' lang='lat' dir='ltr'>perdere.</span> 
     </span>
    </p>

    <p class='ocr_par' dir='ltr' id='par_1_13' title="bbox 314 2389 2549 2579">
     <span class='ocr_line' id='line_1_19' title="bbox 314 2389 2549 2471; baseline 0 -16"><span class='ocrx_word' id='word_1_116' title='bbox 314 2399 411 2456; x_wconf 87' lang='lat'>18.</span> <span class='ocrx_word' id='word_1_117' title='bbox 458 2390 752 2456; x_wconf 84' lang='lat' dir='ltr'>Monstro</span> <span class='ocrx_word' id='word_1_118' title='bbox 798 2389 1030 2454; x_wconf 83' lang='lat' dir='ltr'>similis</span> <span class='ocrx_word' id='word_1_119' title='bbox 1077 2397 1178 2453; x_wconf 85' lang='lat' dir='ltr'>est</span> <span class='ocrx_word' id='word_1_120' title='bbox 1219 2390 1501 2455; x_wconf 85' lang='lat' dir='ltr'>avaritia</span> <span class='ocrx_word' id='word_1_121' title='bbox 1545 2389 1794 2455; x_wconf 88' lang='lat' dir='ltr'>senilis.</span> <span class='ocrx_word' id='word_1_122' title='bbox 1871 2390 2052 2471; x_wconf 80' lang='lat' dir='ltr'>Quid</span> <span class='ocrx_word' id='word_1_123' title='bbox 2083 2391 2257 2454; x_wconf 87' lang='lat' dir='ltr'>enim</span> <span class='ocrx_word' id='word_1_124' title='bbox 2288 2389 2549 2456; x_wconf 83' lang='lat' dir='ltr'>stultius</span> 
     </span>
     <span class='ocr_line' id='line_1_20' title="bbox 459 2490 2055 2579; baseline -0.001 -23"><span class='ocrx_word' id='word_1_125' title='bbox 459 2502 580 2574; x_wconf 84' lang='lat' dir='ltr'>est,</span> <span class='ocrx_word' id='word_1_126' title='bbox 625 2512 819 2577; x_wconf 91' lang='lat' dir='ltr'>quam</span> <span class='ocrx_word' id='word_1_127' title='bbox 861 2492 973 2557; x_wconf 88' lang='lat' dir='ltr'>via</span> <span class='ocrx_word' id='word_1_128' title='bbox 1018 2490 1360 2557; x_wconf 83' lang='lat' dir='ltr'>deficiente</span> <span class='ocrx_word' id='word_1_129' title='bbox 1404 2491 1723 2557; x_wconf 83' lang='lat' dir='ltr'>viaticum</span> <span class='ocrx_word' id='word_1_130' title='bbox 1766 2491 2055 2579; x_wconf 76' lang='lat' dir='ltr'>augere?</span> 
     </span>
    </p>
   </div>
   <div class='ocr_carea' id='block_1_3' title="bbox 268 2752 2555 4374">
    <p class='ocr_par' dir='ltr' id='par_1_14' title="bbox 268 2752 2550 3683">
     <span class='ocr_line' id='line_1_21' title="bbox 268 2752 2548 2830; baseline 0.001 -20"><span class='ocrx_word' id='word_1_131' title='bbox 268 2754 393 2810; x_wconf 79' lang='lat' dir='ltr'>est&#39;.</span> <span class='ocrx_word' id='word_1_132' title='bbox 482 2752 611 2810; x_wconf 83' lang='lat' dir='ltr'>Cod.</span> <span class='ocrx_word' id='word_1_133' title='bbox 643 2754 831 2809; x_wconf 86' lang='lat' dir='ltr'>Paris.</span> <span class='ocrx_word' id='word_1_134' title='bbox 860 2757 963 2811; x_wconf 83' lang='lat' dir='ltr'>lat.</span> <span class='ocrx_word' id='word_1_135' title='bbox 993 2753 1159 2811; x_wconf 86' lang='lat'>4841</span> <span class='ocrx_word' id='word_1_136' title='bbox 1192 2770 1348 2811; x_wconf 86' lang='lat' dir='ltr'>saec.</span> <span class='ocrx_word' id='word_1_137' title='bbox 1379 2756 1504 2826; x_wconf 83' lang='lat' dir='ltr'>IX,</span> <span class='ocrx_word' id='word_1_138' title='bbox 1549 2771 1716 2828; x_wconf 82' lang='lat' dir='ltr'>quem</span> <span class='ocrx_word' id='word_1_139' title='bbox 1745 2759 1804 2811; x_wconf 87' lang='lat' dir='ltr'>in</span> <span class='ocrx_word' id='word_1_140' title='bbox 1832 2772 1991 2830; x_wconf 82' lang='lat' dir='ltr'>seqq.</span> <span class='ocrx_word' id='word_1_141' title='bbox 2022 2759 2221 2813; x_wconf 78' lang='lat' dir='ltr'>littera</span> <span class='ocrx_word' id='word_1_142' title='bbox 2250 2757 2305 2813; x_wconf 94' lang='lat' dir='ltr'><em>P</em></span> <span class='ocrx_word' id='word_1_143' title='bbox 2330 2761 2548 2829; x_wconf 80' lang='lat' dir='ltr'>notavi,</span> 
     </span>
     <span class='ocr_line' id='line_1_22' title="bbox 271 2836 2546 2914; baseline 0.001 -19"><span class='ocrx_word' id='word_1_144' title='bbox 271 2836 378 2912; x_wconf 84' lang='lat' dir='ltr'>(cf.</span> <span class='ocrx_word' id='word_1_145' title='bbox 408 2839 684 2911; x_wconf 72' lang='lat' dir='ltr'>Philoloq.</span> <span class='ocrx_word' id='word_1_146' title='bbox 734 2838 894 2910; x_wconf 84' lang='lat' dir='ltr'><strong><em>VIII,</em></strong></span> <span class='ocrx_word' id='word_1_147' title='bbox 932 2838 1053 2896; x_wconf 79' lang='lat'>184</span> <span class='ocrx_word' id='word_1_148' title='bbox 1084 2837 1190 2912; x_wconf 83' lang='lat' dir='ltr'>sq.)</span> <span class='ocrx_word' id='word_1_149' title='bbox 1246 2838 1502 2896; x_wconf 86' lang='lat' dir='ltr'>Libenter</span> <span class='ocrx_word' id='word_1_150' title='bbox 1538 2840 1624 2895; x_wconf 82' lang='lat' dir='ltr'>fac</span> <span class='ocrx_word' id='word_1_151' title='bbox 1654 2839 1800 2913; x_wconf 86' lang='lat' dir='ltr'>quod</span> <span class='ocrx_word' id='word_1_152' title='bbox 1832 2859 1887 2896; x_wconf 91' lang='lat' dir='ltr'>n.</span> <span class='ocrx_word' id='word_1_153' title='bbox 1919 2848 2032 2905; x_wconf 80' lang='lat' dir='ltr'>est;</span> <span class='ocrx_word' id='word_1_154' title='bbox 2079 2841 2128 2896; x_wconf 88' lang='lat' dir='ltr'>d.</span> <span class='ocrx_word' id='word_1_155' title='bbox 2161 2859 2212 2914; x_wconf 88' lang='lat' dir='ltr'>p.</span> <span class='ocrx_word' id='word_1_156' title='bbox 2248 2860 2295 2896; x_wconf 90' lang='lat' dir='ltr'>v.</span> <span class='ocrx_word' id='word_1_157' title='bbox 2327 2842 2546 2898; x_wconf 77' lang='lat' dir='ltr'>Auson.</span> 
     </span>
     <span class='ocr_line' id='line_1_23' title="bbox 288 2919 2545 3000; baseline 0 -20"><span class='ocrx_word' id='word_1_158' title='bbox 288 2924 401 2980; x_wconf 85' lang='lat' dir='ltr'>VII</span> <span class='ocrx_word' id='word_1_159' title='bbox 433 2939 563 2993; x_wconf 82' lang='lat' dir='ltr'>sap.</span> <span class='ocrx_word' id='word_1_160' title='bbox 609 2922 679 2994; x_wconf 87' lang='lat'>4,</span> <span class='ocrx_word' id='word_1_161' title='bbox 709 2922 750 2978; x_wconf 82' lang='lat'>4</span> <span class='ocrx_word' id='word_1_162' title='bbox 944 2924 979 2980; x_wconf 87' lang='lat'>7</span> <span class='ocrx_word' id='word_1_163' title='bbox 1026 2919 1063 2958; x_wconf 81' lang='grc'>*</span> <span class='ocrx_word' id='word_1_164' title='bbox 1094 2923 1334 2998; x_wconf 82' lang='lat' dir='ltr'>Specta:</span> <span class='ocrx_word' id='word_1_165' title='bbox 1366 2931 1620 3000; x_wconf 81' lang='lat' dir='ltr'>exspecta</span> <span class='ocrx_word' id='word_1_166' title='bbox 1658 2927 1824 2996; x_wconf 77' lang='lat' dir='ltr'>libri,</span> <span class='ocrx_word' id='word_1_167' title='bbox 1878 2933 2097 3000; x_wconf 78' lang='lat' dir='ltr'>expetas</span> <span class='ocrx_word' id='word_1_168' title='bbox 2141 2926 2362 2983; x_wconf 86' lang='lat' dir='ltr'>Haase.</span> <span class='ocrx_word' id='word_1_169' title='bbox 2454 2925 2545 2998; x_wconf 81' lang='lat' dir='ltr'>Cf.</span> 
     </span>
     <span class='ocr_line' id='line_1_24' title="bbox 272 2997 2549 3086; baseline 0 -22"><span class='ocrx_word' id='word_1_170' title='bbox 272 3009 429 3065; x_wconf 79' lang='lat' dir='ltr'>Publ.</span> <span class='ocrx_word' id='word_1_171' title='bbox 463 3007 600 3081; x_wconf 80' lang='lat' dir='ltr'>Syri</span> <span class='ocrx_word' id='word_1_172' title='bbox 625 3015 767 3064; x_wconf 78' lang='lat' dir='ltr'>sent.</span> <span class='ocrx_word' id='word_1_173' title='bbox 803 3007 919 3064; x_wconf 93' lang='lat'>111</span> <span class='ocrx_word' id='word_1_174' title='bbox 939 3052 956 3080; x_wconf 89' lang='lat'>,</span> <span class='ocrx_word' id='word_1_175' title='bbox 987 3009 1265 3066; x_wconf 83' lang='lat' dir='ltr'>Periand.</span> <span class='ocrx_word' id='word_1_176' title='bbox 1297 3027 1394 3082; x_wconf 81' lang='lat' dir='ltr'>ap.</span> <span class='ocrx_word' id='word_1_177' title='bbox 1426 3011 1592 3084; x_wconf 75' lang='lat' dir='ltr'>Dioq.</span> <span class='ocrx_word' id='word_1_178' title='bbox 1624 3010 1820 3067; x_wconf 78' lang='lat' dir='ltr'>Laert.</span> <span class='ocrx_word' id='word_1_179' title='bbox 1856 3011 1887 3065; x_wconf 92' lang='lat'>1</span> <span class='ocrx_word' id='word_1_180' title='bbox 1907 3054 1923 3081; x_wconf 88' lang='lat'>,</span> <span class='ocrx_word' id='word_1_181' title='bbox 1956 3011 2034 3067; x_wconf 89' lang='grc'>97</span> <span class='ocrx_word' id='word_1_182' title='bbox 2079 3006 2297 3086; x_wconf 77' lang='grc' dir='ltr'><strong><em>πρᾶττε</em></strong></span> <span class='ocrx_word' id='word_1_183' title='bbox 2338 2997 2549 3083; x_wconf 74' lang='grc' dir='ltr'>ἀμετα-</span> 
     </span>
     <span class='ocr_line' id='line_1_25' title="bbox 268 3087 2549 3169; baseline 0.002 -22"><span class='ocrx_word' id='word_1_184' title='bbox 268 3087 483 3166; x_wconf 73' lang='grc' dir='ltr'><strong><em>μέλητα</em></strong></span> <span class='ocrx_word' id='word_1_185' title='bbox 627 3091 664 3149; x_wconf 88' lang='grc'>8</span> <span class='ocrx_word' id='word_1_186' title='bbox 710 3093 1003 3150; x_wconf 82' lang='lat' dir='ltr'>Martinus</span> <span class='ocrx_word' id='word_1_187' title='bbox 1034 3093 1361 3151; x_wconf 79' lang='lat' dir='ltr'>Dumiensis</span> <span class='ocrx_word' id='word_1_188' title='bbox 1389 3098 1459 3152; x_wconf 82' lang='lat' dir='ltr'>de</span> <span class='ocrx_word' id='word_1_189' title='bbox 1482 3095 1656 3168; x_wconf 82' lang='lat' dir='ltr'>form.</span> <span class='ocrx_word' id='word_1_190' title='bbox 1690 3096 1822 3152; x_wconf 76' lang='lat' dir='ltr'>hon.</span> <span class='ocrx_word' id='word_1_191' title='bbox 1856 3100 2006 3153; x_wconf 82' lang='lat' dir='ltr'>vitae</span> <span class='ocrx_word' id='word_1_192' title='bbox 2036 3095 2096 3167; x_wconf 86' lang='lat'>2,</span> <span class='ocrx_word' id='word_1_193' title='bbox 2131 3097 2206 3152; x_wconf 89' lang='lat'>11</span> <span class='ocrx_word' id='word_1_194' title='bbox 2238 3094 2362 3153; x_wconf 74' lang='lat' dir='ltr'>‘nec</span> <span class='ocrx_word' id='word_1_195' title='bbox 2392 3112 2549 3169; x_wconf 76' lang='lat' dir='ltr'>quam</span> 
     </span>
     <span class='ocr_line' id='line_1_26' title="bbox 272 3175 2550 3257; baseline 0.003 -26"><span class='ocrx_word' id='word_1_196' title='bbox 272 3175 449 3232; x_wconf 82' lang='lat' dir='ltr'>multis</span> <span class='ocrx_word' id='word_1_197' title='bbox 489 3176 584 3231; x_wconf 84' lang='lat' dir='ltr'>sed</span> <span class='ocrx_word' id='word_1_198' title='bbox 616 3177 863 3249; x_wconf 80' lang='lat' dir='ltr'>qualibus</span> <span class='ocrx_word' id='word_1_199' title='bbox 893 3179 1135 3251; x_wconf 76' lang='lat' dir='ltr'>placeaS,</span> <span class='ocrx_word' id='word_1_200' title='bbox 1180 3179 1384 3253; x_wconf 84' lang='lat' dir='ltr'>cogita’</span> <span class='ocrx_word' id='word_1_201' title='bbox 1563 3182 1642 3237; x_wconf 89' lang='grc'>10</span> <span class='ocrx_word' id='word_1_202' title='bbox 1686 3176 1896 3257; x_wconf 81' lang='lat' dir='ltr'>itaque]</span> <span class='ocrx_word' id='word_1_203' title='bbox 1938 3185 2230 3253; x_wconf 79' lang='lat' dir='ltr'>posterior</span> <span class='ocrx_word' id='word_1_204' title='bbox 2267 3185 2550 3237; x_wconf 75' lang='lat' dir='ltr'>sententia</span> 
     </span>
     <span class='ocr_line' id='line_1_27' title="bbox 272 3263 2548 3340; baseline 0.002 -24"><span class='ocrx_word' id='word_1_205' title='bbox 272 3279 381 3318; x_wconf 83' lang='lat' dir='ltr'>non</span> <span class='ocrx_word' id='word_1_206' title='bbox 422 3263 695 3318; x_wconf 77' lang='lat' dir='ltr'>cohaeret</span> <span class='ocrx_word' id='word_1_207' title='bbox 735 3279 865 3319; x_wconf 84' lang='lat' dir='ltr'>cum</span> <span class='ocrx_word' id='word_1_208' title='bbox 903 3267 1136 3335; x_wconf 84' lang='lat' dir='ltr'>priore.-</span> <span class='ocrx_word' id='word_1_209' title='bbox 1180 3268 1281 3321; x_wconf 80' lang='lat' dir='ltr'>illa</span> <span class='ocrx_word' id='word_1_210' title='bbox 1328 3270 1473 3321; x_wconf 85' lang='lat' dir='ltr'>enim</span> <span class='ocrx_word' id='word_1_211' title='bbox 1515 3281 1594 3322; x_wconf 80' lang='lat' dir='ltr'>ex</span> <span class='ocrx_word' id='word_1_212' title='bbox 1634 3273 1807 3337; x_wconf 82' lang='lat' dir='ltr'>poeta</span> <span class='ocrx_word' id='word_1_213' title='bbox 1850 3268 2042 3340; x_wconf 79' lang='lat' dir='ltr'>aliquo</span> <span class='ocrx_word' id='word_1_214' title='bbox 2080 3271 2282 3340; x_wconf 79' lang='lat' dir='ltr'>petita·</span> <span class='ocrx_word' id='word_1_215' title='bbox 2305 3274 2389 3323; x_wconf 78' lang='lat' dir='ltr'>est</span> <span class='ocrx_word' id='word_1_216' title='bbox 2420 3266 2548 3338; x_wconf 80' lang='lat' dir='ltr'>(vid.</span> 
     </span>
     <span class='ocr_line' id='line_1_28' title="bbox 270 3344 2549 3427; baseline 0.002 -25"><span class='ocrx_word' id='word_1_217' title='bbox 270 3347 491 3419; x_wconf 74' lang='lat' dir='ltr'>Proley.</span> <span class='ocrx_word' id='word_1_218' title='bbox 512 3365 615 3418; x_wconf 73' lang='lat'>1²9·</span> <span class='ocrx_word' id='word_1_219' title='bbox 647 3344 779 3418; x_wconf 82' lang='lat'>35),</span> <span class='ocrx_word' id='word_1_220' title='bbox 820 3349 969 3405; x_wconf 77' lang='lat' dir='ltr'>haec</span> <span class='ocrx_word' id='word_1_221' title='bbox 1012 3357 1098 3405; x_wconf 84' lang='lat' dir='ltr'>est</span> <span class='ocrx_word' id='word_1_222' title='bbox 1130 3350 1392 3407; x_wconf 83' lang='lat' dir='ltr'>Senecae</span> <span class='ocrx_word' id='word_1_223' title='bbox 1434 3355 1599 3422; x_wconf 80' lang='lat' dir='ltr'>epist.</span> <span class='ocrx_word' id='word_1_224' title='bbox 1637 3350 1747 3424; x_wconf 81' lang='lat'>12,</span> <span class='ocrx_word' id='word_1_225' title='bbox 1779 3351 1817 3409; x_wconf 92' lang='lat'>8</span> <span class='ocrx_word' id='word_1_226' title='bbox 1863 3352 2069 3427; x_wconf 74' lang='lat' dir='ltr'>‘itaque</span> <span class='ocrx_word' id='word_1_227' title='bbox 2112 3353 2190 3409; x_wconf 87' lang='lat' dir='ltr'>sic</span> <span class='ocrx_word' id='word_1_228' title='bbox 2222 3352 2549 3408; x_wconf 80' lang='lat' dir='ltr'>ordinandus</span> 
     </span>
     <span class='ocr_line' id='line_1_29' title="bbox 272 3430 2547 3511; baseline 0.003 -25"><span class='ocrx_word' id='word_1_229' title='bbox 272 3441 353 3486; x_wconf 79' lang='lat' dir='ltr'>est</span> <span class='ocrx_word' id='word_1_230' title='bbox 393 3430 507 3486; x_wconf 81' lang='lat' dir='ltr'>dies</span> <span class='ocrx_word' id='word_1_231' title='bbox 548 3432 749 3500; x_wconf 86' lang='lat' dir='ltr'>omnis,</span> <span class='ocrx_word' id='word_1_232' title='bbox 796 3439 1064 3507; x_wconf 79' lang='lat' dir='ltr'>tamquam</span> <span class='ocrx_word' id='word_1_233' title='bbox 1106 3445 1265 3509; x_wconf 80' lang='lat' dir='ltr'>cogat</span> <span class='ocrx_word' id='word_1_234' title='bbox 1310 3436 1548 3511; x_wconf 78' lang='lat' dir='ltr'>agmeu&#39;.</span> <span class='ocrx_word' id='word_1_235' title='bbox 1640 3437 1821 3494; x_wconf 79' lang='lat' dir='ltr'>Simili</span> <span class='ocrx_word' id='word_1_236' title='bbox 1847 3440 2006 3495; x_wconf 83' lang='lat' dir='ltr'>modo</span> <span class='ocrx_word' id='word_1_237' title='bbox 2039 3439 2336 3495; x_wconf 80' lang='lat' dir='ltr'>abundant</span> <span class='ocrx_word' id='word_1_238' title='bbox 2357 3441 2547 3510; x_wconf 80' lang='lat' dir='ltr'>parti-</span> 
     </span>
     <span class='ocr_line' id='line_1_30' title="bbox 274 3515 2550 3598; baseline 0.004 -28"><span class='ocrx_word' id='word_1_239' title='bbox 274 3519 438 3572; x_wconf 84' lang='lat' dir='ltr'>culae</span> <span class='ocrx_word' id='word_1_240' title='bbox 470 3524 644 3570; x_wconf 84' lang='lat' dir='ltr'>tamen</span> <span class='ocrx_word' id='word_1_241' title='bbox 674 3515 709 3586; x_wconf 80' lang='lat' dir='ltr'>S</span> <span class='ocrx_word' id='word_1_242' title='bbox 741 3517 799 3585; x_wconf 89' lang='grc'>9,</span> <span class='ocrx_word' id='word_1_243' title='bbox 831 3519 972 3573; x_wconf 82' lang='lat' dir='ltr'>enim</span> <span class='ocrx_word' id='word_1_244' title='bbox 1003 3518 1101 3590; x_wconf 85' lang='lat' dir='ltr'>(al.</span> <span class='ocrx_word' id='word_1_245' title='bbox 1127 3521 1329 3594; x_wconf 82' lang='lat' dir='ltr'>autem)</span> <span class='ocrx_word' id='word_1_246' title='bbox 1359 3522 1395 3594; x_wconf 76' lang='lat' dir='ltr'>S</span> <span class='ocrx_word' id='word_1_247' title='bbox 1426 3521 1487 3594; x_wconf 83' lang='lat'>4,</span> <span class='ocrx_word' id='word_1_248' title='bbox 1520 3538 1656 3597; x_wconf 81' lang='lat' dir='ltr'>ergo</span> <span class='ocrx_word' id='word_1_249' title='bbox 1687 3523 1722 3595; x_wconf 70' lang='lat' dir='ltr'>S</span> <span class='ocrx_word' id='word_1_250' title='bbox 1757 3523 1835 3580; x_wconf 81' lang='grc'>28</span> <span class='ocrx_word' id='word_1_251' title='bbox 1867 3531 1922 3581; x_wconf 89' lang='lat' dir='ltr'>et</span> <span class='ocrx_word' id='word_1_252' title='bbox 1953 3522 2055 3595; x_wconf 82' lang='lat'>56,</span> <span class='ocrx_word' id='word_1_253' title='bbox 2082 3522 2340 3596; x_wconf 73' lang='lat' dir='ltr'>fortasse</span> <span class='ocrx_word' id='word_1_254' title='bbox 2370 3525 2550 3598; x_wconf 81' lang='lat' dir='ltr'>itaque</span> 
     </span>
     <span class='ocr_line' id='line_1_31' title="bbox 272 3599 2380 3683; baseline 0.006 -30"><span class='ocrx_word' id='word_1_255' title='bbox 272 3601 306 3671; x_wconf 71' lang='lat' dir='ltr'>S</span> <span class='ocrx_word' id='word_1_256' title='bbox 337 3600 373 3654; x_wconf 84' lang='lat'>2</span> <span class='ocrx_word' id='word_1_257' title='bbox 456 3637 469 3646; x_wconf 72' lang='lat'>.</span> <span class='ocrx_word' id='word_1_258' title='bbox 522 3600 595 3655; x_wconf 91' lang='lat'>11</span> <span class='ocrx_word' id='word_1_259' title='bbox 643 3601 969 3659; x_wconf 77' lang='lat' dir='ltr'>Periander</span> <span class='ocrx_word' id='word_1_260' title='bbox 998 3621 1096 3676; x_wconf 84' lang='lat' dir='ltr'>ap.</span> <span class='ocrx_word' id='word_1_261' title='bbox 1129 3606 1281 3663; x_wconf 80' lang='lat' dir='ltr'>Stob.</span> <span class='ocrx_word' id='word_1_262' title='bbox 1309 3610 1441 3680; x_wconf 74' lang='lat' dir='ltr'>flor.</span> <span class='ocrx_word' id='word_1_263' title='bbox 1476 3607 1535 3678; x_wconf 87' lang='lat'>3,</span> <span class='ocrx_word' id='word_1_264' title='bbox 1572 3608 1674 3680; x_wconf 84' lang='lat'>79,</span> <span class='ocrx_word' id='word_1_265' title='bbox 1710 3608 1774 3664; x_wconf 85' lang='lat'>7:</span> <span class='ocrx_word' id='word_1_266' title='bbox 1823 3603 2130 3683; x_wconf 78' lang='grc' dir='ltr'><em>δυστυχῶν</em></span> <span class='ocrx_word' id='word_1_267' title='bbox 2161 3599 2380 3682; x_wconf 80' lang='grc' dir='ltr'><strong><em>κρύπτε</em></strong></span> 
     </span>
    </p>

    <p class='ocr_par' dir='ltr' id='par_1_15' title="bbox 271 3681 2555 4374">
     <span class='ocr_line' id='line_1_32' title="bbox 275 3681 2548 3769; baseline 0.005 -30"><span class='ocrx_word' id='word_1_268' title='bbox 275 3683 348 3739; x_wconf 84' lang='lat'>12</span> <span class='ocrx_word' id='word_1_269' title='bbox 395 3681 483 3757; x_wconf 78' lang='lat' dir='ltr'>Cf.</span> <span class='ocrx_word' id='word_1_270' title='bbox 514 3686 727 3742; x_wconf 77' lang='lat' dir='ltr'>Auson.</span> <span class='ocrx_word' id='word_1_271' title='bbox 776 3687 891 3744; x_wconf 84' lang='lat' dir='ltr'>VII</span> <span class='ocrx_word' id='word_1_272' title='bbox 916 3704 1047 3762; x_wconf 81' lang='lat' dir='ltr'>sap.</span> <span class='ocrx_word' id='word_1_273' title='bbox 1077 3699 1223 3749; x_wconf 78' lang='lat' dir='ltr'>sent.</span> <span class='ocrx_word' id='word_1_274' title='bbox 1258 3692 1315 3764; x_wconf 86' lang='lat'>5,</span> <span class='ocrx_word' id='word_1_275' title='bbox 1347 3693 1387 3750; x_wconf 99' lang='lat'>4</span> <span class='ocrx_word' id='word_1_276' title='bbox 1565 3694 1641 3750; x_wconf 89' lang='lat'>13</span> <span class='ocrx_word' id='word_1_277' title='bbox 1691 3694 1822 3752; x_wconf 77' lang='lat' dir='ltr'>Seu.</span> <span class='ocrx_word' id='word_1_278' title='bbox 1857 3698 2022 3769; x_wconf 79' lang='lat' dir='ltr'>epist.</span> <span class='ocrx_word' id='word_1_279' title='bbox 2059 3695 2159 3769; x_wconf 81' lang='lat'>12,</span> <span class='ocrx_word' id='word_1_280' title='bbox 2195 3696 2268 3753; x_wconf 95' lang='lat'>11</span> <span class='ocrx_word' id='word_1_281' title='bbox 2316 3695 2548 3766; x_wconf 54' lang='lat' dir='ltr'>‘Utis-ti,</span> 
     </span>
     <span class='ocr_line' id='line_1_33' title="bbox 273 3768 2550 3857; baseline 0.006 -34"><span class='ocrx_word' id='word_1_282' title='bbox 273 3771 359 3840; x_wconf 86' lang='lat' dir='ltr'>qui</span> <span class='ocrx_word' id='word_1_283' title='bbox 389 3770 443 3824; x_wconf 84' lang='lat' dir='ltr'>in</span> <span class='ocrx_word' id='word_1_284' title='bbox 474 3768 631 3825; x_wconf 86' lang='lat' dir='ltr'>verba</span> <span class='ocrx_word' id='word_1_285' title='bbox 659 3772 867 3844; x_wconf 84' lang='lat' dir='ltr'>iurant,</span> <span class='ocrx_word' id='word_1_286' title='bbox 913 3790 1012 3831; x_wconf 87' lang='lat' dir='ltr'>nec</span> <span class='ocrx_word' id='word_1_287' title='bbox 1043 3777 1172 3850; x_wconf 87' lang='lat' dir='ltr'>quid</span> <span class='ocrx_word' id='word_1_288' title='bbox 1202 3777 1412 3836; x_wconf 85' lang='lat' dir='ltr'>dicatur</span> <span class='ocrx_word' id='word_1_289' title='bbox 1439 3780 1759 3854; x_wconf 78' lang='lat' dir='ltr'>aestimant,</span> <span class='ocrx_word' id='word_1_290' title='bbox 1803 3781 1899 3839; x_wconf 87' lang='lat' dir='ltr'>sed</span> <span class='ocrx_word' id='word_1_291' title='bbox 1930 3800 1959 3839; x_wconf 81' lang='lat' dir='ltr'>a</span> <span class='ocrx_word' id='word_1_292' title='bbox 1993 3782 2148 3857; x_wconf 87' lang='lat' dir='ltr'>quo&#39;.</span> <span class='ocrx_word' id='word_1_293' title='bbox 2236 3783 2394 3840; x_wconf 84' lang='lat' dir='ltr'>Male</span> <span class='ocrx_word' id='word_1_294' title='bbox 2426 3784 2550 3839; x_wconf 80' lang='lat' dir='ltr'>cad.</span> 
     </span>
     <span class='ocr_line' id='line_1_34' title="bbox 273 3854 2555 3944; baseline 0.007 -36"><span class='ocrx_word' id='word_1_295' title='bbox 273 3857 477 3926; x_wconf 80' lang='lat' dir='ltr'>aliquis</span> <span class='ocrx_word' id='word_1_296' title='bbox 507 3854 696 3911; x_wconf 82' lang='lat' dir='ltr'>Paris.</span> <span class='ocrx_word' id='word_1_297' title='bbox 727 3873 826 3930; x_wconf 87' lang='lat' dir='ltr'>pro</span> <span class='ocrx_word' id='word_1_298' title='bbox 866 3857 1029 3917; x_wconf 83' lang='lat' dir='ltr'>rebus</span> <span class='ocrx_word' id='word_1_299' title='bbox 1070 3879 1181 3920; x_wconf 90' lang='lat' dir='ltr'>non</span> <span class='ocrx_word' id='word_1_300' title='bbox 1211 3882 1313 3940; x_wconf 88' lang='lat' dir='ltr'>pro</span> <span class='ocrx_word' id='word_1_301' title='bbox 1344 3868 1494 3923; x_wconf 89' lang='lat' dir='ltr'>sonis</span> <span class='ocrx_word' id='word_1_302' title='bbox 1672 3867 1751 3924; x_wconf 87' lang='lat'>14</span> <span class='ocrx_word' id='word_1_303' title='bbox 1796 3867 1891 3926; x_wconf 82' lang='lat' dir='ltr'>tibi</span> <span class='ocrx_word' id='word_1_304' title='bbox 1920 3870 2021 3944; x_wconf 83' lang='lat' dir='ltr'>ipsi</span> <span class='ocrx_word' id='word_1_305' title='bbox 2055 3871 2216 3928; x_wconf 81' lang='lat' dir='ltr'>codd.</span> <span class='ocrx_word' id='word_1_306' title='bbox 2247 3885 2368 3927; x_wconf 83' lang='lat' dir='ltr'>rec.</span> <span class='ocrx_word' id='word_1_307' title='bbox 2401 3867 2555 3943; x_wconf 75' lang='lat' dir='ltr'>qaod</span> 
     </span>
     <span class='ocr_line' id='line_1_35' title="bbox 273 3942 2548 4033; baseline 0.007 -39"><span class='ocrx_word' id='word_1_308' title='bbox 273 3942 571 4011; x_wconf 77' lang='lat' dir='ltr'>irrepsisse</span> <span class='ocrx_word' id='word_1_309' title='bbox 624 3942 844 3998; x_wconf 77' lang='lat' dir='ltr'>videtur</span> <span class='ocrx_word' id='word_1_310' title='bbox 886 3961 964 4003; x_wconf 78' lang='lat' dir='ltr'>ex</span> <span class='ocrx_word' id='word_1_311' title='bbox 1005 3947 1041 4019; x_wconf 75' lang='lat' dir='ltr'>S</span> <span class='ocrx_word' id='word_1_312' title='bbox 1090 3949 1165 4007; x_wconf 89' lang='grc'>16</span> <span class='ocrx_word' id='word_1_313' title='bbox 1440 3952 1518 4010; x_wconf 88' lang='grc'>15</span> <span class='ocrx_word' id='word_1_314' title='bbox 1564 3955 1727 4012; x_wconf 84' lang='lat' dir='ltr'>animi</span> <span class='ocrx_word' id='word_1_315' title='bbox 1769 3951 2026 4033; x_wconf 80' lang='lat' dir='ltr'>imperio]</span> <span class='ocrx_word' id='word_1_316' title='bbox 2072 3959 2181 4012; x_wconf 80' lang='lat' dir='ltr'>acri</span> <span class='ocrx_word' id='word_1_317' title='bbox 2219 3956 2438 4030; x_wconf 78' lang='lat' dir='ltr'>ingenio</span> <span class='ocrx_word' id='word_1_318' title='bbox 2479 3955 2548 4025; x_wconf 89' lang='lat' dir='ltr'>P,</span> 
     </span>
     <span class='ocr_line' id='line_1_36' title="bbox 271 4023 2550 4117; baseline 0.009 -42"><span class='ocrx_word' id='word_1_319' title='bbox 271 4023 376 4077; x_wconf 82' lang='lat' dir='ltr'>acri</span> <span class='ocrx_word' id='word_1_320' title='bbox 403 4024 559 4079; x_wconf 80' lang='lat' dir='ltr'>animi</span> <span class='ocrx_word' id='word_1_321' title='bbox 599 4024 820 4099; x_wconf 82' lang='lat' dir='ltr'>imperio</span> <span class='ocrx_word' id='word_1_322' title='bbox 853 4036 1097 4091; x_wconf 78' lang='lat' dir='ltr'>coniecit</span> <span class='ocrx_word' id='word_1_323' title='bbox 1128 4035 1186 4093; x_wconf 80' lang='lat' dir='ltr'>C.</span> <span class='ocrx_word' id='word_1_324' title='bbox 1233 4038 1507 4101; x_wconf 74' lang='lat' dir='ltr'>Schenkl.</span> <span class='ocrx_word' id='word_1_325' title='bbox 1601 4040 1690 4115; x_wconf 82' lang='lat' dir='ltr'>Cf.</span> <span class='ocrx_word' id='word_1_326' title='bbox 1720 4043 1884 4117; x_wconf 79' lang='lat' dir='ltr'>infra</span> <span class='ocrx_word' id='word_1_327' title='bbox 1926 4043 1962 4116; x_wconf 71' lang='lat' dir='ltr'>S</span> <span class='ocrx_word' id='word_1_328' title='bbox 1999 4043 2118 4099; x_wconf 93' lang='lat'>117</span> <span class='ocrx_word' id='word_1_329' title='bbox 2334 4041 2410 4098; x_wconf 89' lang='grc'>16</span> <span class='ocrx_word' id='word_1_330' title='bbox 2459 4039 2550 4111; x_wconf 82' lang='lat' dir='ltr'>Cf.</span> 
     </span>
     <span class='ocr_line' id='line_1_37' title="bbox 272 4108 2548 4204; baseline 0.009 -43"><span class='ocrx_word' id='word_1_331' title='bbox 272 4108 475 4164; x_wconf 80' lang='lat' dir='ltr'>Auson.</span> <span class='ocrx_word' id='word_1_332' title='bbox 524 4108 639 4165; x_wconf 82' lang='lat' dir='ltr'>VII</span> <span class='ocrx_word' id='word_1_333' title='bbox 664 4111 804 4183; x_wconf 83' lang='lat' dir='ltr'>Sap.</span> <span class='ocrx_word' id='word_1_334' title='bbox 840 4115 907 4189; x_wconf 86' lang='lat'>7,</span> <span class='ocrx_word' id='word_1_335' title='bbox 941 4118 996 4176; x_wconf 87' lang='grc'><strong>3.</strong></span> <span class='ocrx_word' id='word_1_336' title='bbox 1040 4121 1318 4184; x_wconf 79' lang='lat' dir='ltr'>Proverb.</span> <span class='ocrx_word' id='word_1_337' title='bbox 1357 4127 1434 4186; x_wconf 84' lang='lat'>75</span> <span class='ocrx_word' id='word_1_338' title='bbox 1479 4145 1665 4203; x_wconf 83' lang='lat' dir='ltr'>supra</span> <span class='ocrx_word' id='word_1_339' title='bbox 1698 4148 1800 4204; x_wconf 74' lang='lat' dir='ltr'>pq.</span> <span class='ocrx_word' id='word_1_340' title='bbox 1837 4130 1989 4200; x_wconf 88' lang='lat'>101,</span> <span class='ocrx_word' id='word_1_341' title='bbox 2033 4135 2089 4186; x_wconf 79' lang='lat' dir='ltr'>et</span> <span class='ocrx_word' id='word_1_342' title='bbox 2117 4128 2282 4184; x_wconf 79' lang='lat' dir='ltr'>Lact.</span> <span class='ocrx_word' id='word_1_343' title='bbox 2327 4130 2454 4182; x_wconf 80' lang='lat' dir='ltr'>inst.</span> <span class='ocrx_word' id='word_1_344' title='bbox 2489 4124 2548 4195; x_wconf 83' lang='lat'>6,</span> 
     </span>
     <span class='ocr_line' id='line_1_38' title="bbox 273 4189 2547 4291; baseline 0.008 -46"><span class='ocrx_word' id='word_1_345' title='bbox 273 4191 354 4289; x_wconf 56' lang='lat'>233</span> <span class='ocrx_word' id='word_1_346' title='bbox 380 4189 639 4267; x_wconf 76' lang='lat' dir='ltr'>‘iniquum</span> <span class='ocrx_word' id='word_1_347' title='bbox 670 4206 773 4270; x_wconf 78' lang='lat' dir='ltr'>est,</span> <span class='ocrx_word' id='word_1_348' title='bbox 807 4208 867 4257; x_wconf 87' lang='lat' dir='ltr'>ut</span> <span class='ocrx_word' id='word_1_349' title='bbox 895 4204 949 4260; x_wconf 89' lang='lat' dir='ltr'>id</span> <span class='ocrx_word' id='word_1_350' title='bbox 982 4208 1187 4284; x_wconf 65' lang='lat' dir='ltr'>exigas»,</span> <span class='ocrx_word' id='word_1_351' title='bbox 1214 4215 1362 4287; x_wconf 86' lang='lat' dir='ltr'>quod</span> <span class='ocrx_word' id='word_1_352' title='bbox 1392 4225 1668 4291; x_wconf 80' lang='lat' dir='ltr'>praestare</span> <span class='ocrx_word' id='word_1_353' title='bbox 1698 4218 1815 4291; x_wconf 87' lang='lat' dir='ltr'>ipse</span> <span class='ocrx_word' id='word_1_354' title='bbox 1837 4232 1957 4272; x_wconf 88' lang='lat' dir='ltr'>non</span> <span class='ocrx_word' id='word_1_355' title='bbox 1988 4215 2192 4290; x_wconf 84' lang='lat' dir='ltr'>possis’</span> <span class='ocrx_word' id='word_1_356' title='bbox 2325 4211 2401 4267; x_wconf 87' lang='lat'>17</span> <span class='ocrx_word' id='word_1_357' title='bbox 2435 4203 2547 4285; x_wconf 84' lang='lat' dir='ltr'>est]</span> 
     </span>
     <span class='ocr_line' id='line_1_39' title="bbox 271 4281 2547 4374; baseline 0.008 -43"><span class='ocrx_word' id='word_1_358' title='bbox 271 4293 410 4332; x_wconf 85' lang='lat' dir='ltr'>emm</span> <span class='ocrx_word' id='word_1_359' title='bbox 441 4281 654 4337; x_wconf 82' lang='lat' dir='ltr'>addunt</span> <span class='ocrx_word' id='word_1_360' title='bbox 685 4283 829 4357; x_wconf 86' lang='lat' dir='ltr'>GbS,</span> <span class='ocrx_word' id='word_1_361' title='bbox 861 4291 931 4347; x_wconf 85' lang='lat' dir='ltr'>de</span> <span class='ocrx_word' id='word_1_362' title='bbox 961 4311 1074 4367; x_wconf 82' lang='lat' dir='ltr'>quo</span> <span class='ocrx_word' id='word_1_363' title='bbox 1110 4300 1234 4356; x_wconf 83' lang='lat' dir='ltr'>vide</span> <span class='ocrx_word' id='word_1_364' title='bbox 1266 4305 1694 4363; x_wconf 77' lang='lat' dir='ltr'>adnotationem</span> <span class='ocrx_word' id='word_1_365' title='bbox 1723 4304 1804 4360; x_wconf 83' lang='lat' dir='ltr'>ad</span> <span class='ocrx_word' id='word_1_366' title='bbox 1829 4301 1866 4374; x_wconf 76' lang='lat' dir='ltr'>S</span> <span class='ocrx_word' id='word_1_367' title='bbox 1902 4301 1982 4359; x_wconf 88' lang='grc'>10</span> <span class='ocrx_word' id='word_1_368' title='bbox 2156 4299 2231 4356; x_wconf 89' lang='grc'>18</span> <span class='ocrx_word' id='word_1_369' title='bbox 2281 4295 2392 4353; x_wconf 85' lang='lat' dir='ltr'>Cic.</span> <span class='ocrx_word' id='word_1_370' title='bbox 2428 4295 2547 4351; x_wconf 82' lang='lat' dir='ltr'>Cat.</span> 
     </span>
    </p>
   </div>
   <div class='ocr_carea' id='block_1_4' title="bbox 269 4363 2675 4463">
    <p class='ocr_par' dir='ltr' id='par_1_16' title="bbox 269 4363 2675 4463">
     <span class='ocr_line' id='line_1_40' title="bbox 269 4363 2675 4463; baseline 0.007 -47"><span class='ocrx_word' id='word_1_371' title='bbox 269 4364 398 4416; x_wconf 85' lang='lat' dir='ltr'>mai.</span> <span class='ocrx_word' id='word_1_372' title='bbox 434 4363 532 4435; x_wconf 87' lang='lat'>18,</span> <span class='ocrx_word' id='word_1_373' title='bbox 565 4364 641 4422; x_wconf 88' lang='grc'>66</span> <span class='ocrx_word' id='word_1_374' title='bbox 673 4365 924 4432; x_wconf 76' lang='lat' dir='ltr'>‘Avaritia</span> <span class='ocrx_word' id='word_1_375' title='bbox 965 4381 1150 4440; x_wconf 85' lang='lat' dir='ltr'>senilis</span> <span class='ocrx_word' id='word_1_376' title='bbox 1183 4390 1312 4462; x_wconf 85' lang='lat' dir='ltr'>quid</span> <span class='ocrx_word' id='word_1_377' title='bbox 1356 4391 1459 4449; x_wconf 85' lang='lat' dir='ltr'>sibi</span> <span class='ocrx_word' id='word_1_378' title='bbox 1503 4391 1631 4448; x_wconf 81' lang='lat' dir='ltr'>velit</span> <span class='ocrx_word' id='word_1_379' title='bbox 1672 4407 1782 4447; x_wconf 87' lang='lat' dir='ltr'>non</span> <span class='ocrx_word' id='word_1_380' title='bbox 1816 4387 2092 4463; x_wconf 83' lang='lat' dir='ltr'>intellego.</span> <span class='ocrx_word' id='word_1_381' title='bbox 2179 4385 2368 4440; x_wconf 84' lang='lat' dir='ltr'>Potest</span> <span class='ocrx_word' id='word_1_382' title='bbox 2409 4381 2549 4436; x_wconf 86' lang='lat' dir='ltr'>enim</span> <span class='ocrx_word' id='word_1_383' title='bbox 2653 4409 2675 4436; x_wconf 64' lang='grc' dir='ltr'>ι,</span> 
     </span>
    </p>
   </div>
   <div class='ocr_carea' id='block_1_5' title="bbox 270 4445 2549 4603">
    <p class='ocr_par' dir='ltr' id='par_1_17' title="bbox 270 4445 2549 4603">
     <span class='ocr_line' id='line_1_41' title="bbox 270 4445 2549 4587; baseline 0.005 -68"><span class='ocrx_word' id='word_1_384' title='bbox 270 4445 712 4587; x_wconf 49' lang='grc' dir='ltr'>(Ιζὲἶῖἓθῐΰνθθθθ</span> <span class='ocrx_word' id='word_1_385' title='bbox 753 4455 1069 4541; x_wconf 66' lang='lat' dir='ltr'>a¹³³&#39;›1¹1&#39;(lills›-,</span> <span class='ocrx_word' id='word_1_386' title='bbox 1115 4489 1276 4548; x_wconf 83' lang='lat' dir='ltr'>quam</span> <span class='ocrx_word' id='word_1_387' title='bbox 1320 4498 1429 4557; x_wconf 90' lang='lat' dir='ltr'>quo</span> <span class='ocrx_word' id='word_1_388' title='bbox 1476 4481 1588 4537; x_wconf 81' lang='lat' dir='ltr'>viae</span> <span class='ocrx_word' id='word_1_389' title='bbox 1632 4479 1806 4535; x_wconf 85' lang='lat' dir='ltr'>minus</span> <span class='ocrx_word' id='word_1_390' title='bbox 1849 4482 2049 4546; x_wconf 77' lang='lat' dir='ltr'>restat,</span> <span class='ocrx_word' id='word_1_391' title='bbox 2103 4489 2168 4528; x_wconf 86' lang='lat' dir='ltr'>eo</span> <span class='ocrx_word' id='word_1_392' title='bbox 2210 4468 2333 4546; x_wconf 88' lang='lat' dir='ltr'>plus</span> <span class='ocrx_word' id='word_1_393' title='bbox 2376 4467 2549 4522; x_wconf 70' lang='lat' dir='ltr'>viatici</span> 
     </span>
     <span class='ocr_line' id='line_1_42' title="bbox 272 4548 559 4603; baseline 0.01 -18"><span class='ocrx_word' id='word_1_394' title='bbox 272 4548 306 4603; x_wconf 89' lang='lat' dir='ltr'><strong>q</strong></span> <span class='ocrx_word' id='word_1_395' title='bbox 408 4548 435 4586; x_wconf 89' lang='grc' dir='ltr'>ι·</span> <span class='ocrx_word' id='word_1_396' title='bbox 467 4549 559 4588; x_wconf 89' lang='lat' dir='ltr'>re.</span> 
     </span>
    </p>
   </div>
   <div class='ocr_carea' id='block_1_6' title="bbox 2232 4694 2286 4734">
    <p class='ocr_par' dir='ltr' id='par_1_18' title="bbox 2232 4694 2286 4734">
     <span class='ocr_line' id='line_1_43' title="bbox 2232 4694 2286 4734; baseline 0 0"><span class='ocrx_word' id='word_1_397' title='bbox 2232 4694 2286 4734; x_wconf 58' lang='lat' dir='ltr'>Q</span> 
     </span>
    </p>
   </div>
   <div class='ocr_carea' id='block_1_7' title="bbox 639 4822 640 5176">
    <p class='ocr_par' dir='ltr' id='par_1_19' title="bbox 639 4822 640 5176">
     <span class='ocr_line' id='line_1_44' title="bbox 639 4822 640 5176; baseline 0 8"><span class='ocrx_word' id='word_1_398' title='bbox 639 4822 640 5176; x_wconf 95' lang='lat' dir='ltr'> </span> 
     </span>
    </p>
   </div>
  </div>
 </body>
</html>
