3209 5184
652 416 738 480 42
1519 426 2069 476 PROLEGOMENA.

653 585 864 650 suisse
920 584 1390 649 existimarent.
1479 580 1584 646 Of.
1632 580 1951 644 Baehrius
2006 578 2155 644 hist.
2212 579 2338 644 litt.
2382 580 2657 645 Roman.
2703 581 2834 650 vol.
2881 581 2935 648 I.

656 710 764 775 pg.
810 687 936 751 330
980 694 1147 749 extr.
1194 683 1296 748 ed'.
1342 682 1462 748 IV.
1551 681 1748 746 Falso
1792 681 1967 745 haud
2014 681 2236 744 dubie.

825 787 955 853 Sed
999 807 1163 873 quae
1206 783 1420 849 adhuc
1463 776 1973 870 disputavimus,
2021 782 2248 847 harum
2305 785 2774 849 sententiarum
2823 806 2936 850 au-

655 898 895 954 ctorem
926 909 1069 952 esse
1099 885 1452 952 Publilium
1482 906 1691 971 neque
1733 884 1933 948 alium
1967 882 2355 970 quemquam
2385 894 2662 973 poetam,
2695 887 2764 950 in
2794 888 2936 951 uni-

655 1012 914 1054 versum
970 988 1149 1053 dieta
1202 987 1466 1052 valeant
1483 1037 1500 1071 ,
1560 1009 1694 1051 non
1746 987 1869 1075 ita,
1926 988 2113 1073 quasi
2167 985 2348 1050 nulla
2393 986 2584 1051 detur
2626 1009 2666 1050 a
2709 989 2937 1072 regula

656 1092 975 1179 exceptio.
1063 1090 1292 1177 Neque
1336 1091 1540 1173 enim,
1596 1089 1710 1175 qui
1754 1097 2058 1175 quattuor
2101 1089 2425 1153 orationes
2469 1089 2540 1152 in
2585 1088 2938 1154 Catilinam

654 1193 913 1259 habitas
959 1191 1290 1258 Ciceronis
1337 1213 1478 1256 esse
1522 1191 1890 1272 contendit,
1949 1189 2208 1274 singula
2252 1189 2571 1276 quaedam
2615 1191 2939 1257 vocabula

657 1293 764 1359 vel
808 1294 1141 1358 enuntiata
1182 1292 1266 1357 ab
1302 1290 1886 1379 -interpolatoribus
1930 1291 2156 1355 addita
2201 1312 2341 1354 esse
2385 1293 2673 1376 negabit,
2718 1315 2934 1380 neque

657 1419 777 1482 ego
821 1418 1058 1484 paucas
1104 1394 1415 1483 quasdam
1464 1393 1821 1458 sententias
1864 1416 1995 1458 non
2041 1414 2183 1457 esse
2213 1391 2484 1457 Publilii
2526 1394 2937 1465 infitias‘ive-

654 1501 799 1563 rim.
887 1494 1385 1563 Abiudieandus
1417 1494 1701 1560 Publilio
1738 1517 1965 1559 versus
1995 1495 2143 1577 213,
2190 1495 2464 1559 omissus
2496 1496 2566 1558 in
2595 1496 2821 1561 codiee
2853 1497 2936 1580 R,

657 1609 721 1664 et
764 1600 939 1687 quod
983 1598 1459 1663 dubitationem
1500 1605 1717 1683 auget,
1761 1596 1889 1660 alio
1932 1594 2072 1660 loco
2116 1597 2186 1659 in
2231 1595 2376 1675 PB,
2422 1595 2551 1660 alio
2595 1598 2667 1661 in
2701 1598 2774 1660 F
2808 1608 2937 1662 tra-

657 1702 866 1785 ditus3
911 1724 1044 1766 non
1087 1710 1185 1765 est
1229 1700 1523 1764 senarius
1554 1721 1620 1762 v.
1652 1699 1780 1763 200
1824 1698 2103 1763 Gravior
2144 1704 2234 1764 est
2273 1701 2592 1782 inimicam,
2637 1703 2749 1781 qui
2792 1703 2942 1766 latet

659 1806 729 1868 in
757 1809 1019 1886 pectore,
1067 1801 1173 1867 vel
1214 1824 1255 1865 a
1298 1821 1568 1864 caesura
1612 1799 2037 1881 damnanduS,
2084 1799 2200 1864 sed
2245 1800 2659 1887 paraphrasis
2704 1825 2938 1867 versus

664 1905 815 1988 1983
864 1903 1141 1968 alienam
1185 1903 1467 1989 denique
1510 1902 1829 1987 originem
1871 1902 2212 1988 profitetur
2255 1924 2482 1966 versus
2531 1905 2671 1968 102.

824 2007 895 2090 4)
942 2005 1267 2085 Quartum
1323 2014 1453 2088 est,
1522 2014 1593 2068 ut
1650 2026 2033 2090 quaeramus
2095 2003 2191 2067 de
2244 2008 2677 2070 sententiis
2734 2008 2937 2070 inci-

658 2109 1074 2194 pientibus
1140 2130 1181 2171 a
1244 2105 1553 2171 litteris
1619 2105 1908 2185 Α-Μ,
1994 2127 2192 2191 quae
2266 2108 2347 2169 in
2418 2106 2585 2170 solo
2658 2107 2940 2171 codice

662 2210 1182 2294 Frisingensi
1228 2218 1596 2273 servatae
1641 2218 1857 2290 sunt,
1904 2209 1948 2270 i.
1981 2229 2036 2270 e.
2070 2207 2154 2271 de
2181 2209 2481 2272 versibus
2511 2209 2763 2273 35-43
2788 2198 2937 2294 (Α),

660 2312 911 2376 79-84
968 2312 1127 2397 (Β),
1192 2310 1522 2375 107-122
1568 2310 1712 2394 (C),
1785 2310 2117 2374 139—146
2175 2308 2337 2393 (D),
2397 2310 2729 2374 163—165
2787 2311 2937 2395 (E),

664 2414 782 2476 193
812 2412 956 2497 (F),
1001 2411 1339 2476 224—229
1385 2411 1548 2496 (Η),
1593 2410 1930 2475 265-291
1979 2411 2114 2494 (Ι),
2158 2412 2494 2476 302--308
2538 2412 2679 2497 (L),
2725 2413 2937 2476 341-

658 2514 785 2578 376
827 2513 997 2599 (M).

827 2614 1021 2694 Quod
1063 2614 1407 2679 brevitatis
1450 2636 1648 2679 causa
1691 2615 1925 2700 scripsi
1953 2624 2185 2700 quarto
2213 2617 2679 2680 sententiarum
2708 2620 2937 2702 generi

658 2739 853 2780 unam
908 2738 1052 2780 esse
1100 2715 1347 2782 codicis
1391 2716 1837 2801 Frisingensis
1879 2718 2364 2798 auctoritatem,
2418 2717 2488 2779 id
2528 2740 2658 2782 non
2702 2719 2795 2782 ita
2837 2721 2935 2783 in·

659 2817 883 2903 tellegi
926 2816 1145 2899 velim,
1191 2820 1378 2904 quasi
1420 2840 1551 2882 non
1592 2815 1892 2902 singulae
1933 2816 2190 2903 aliquae
2231 2819 2300 2881 in
2341 2817 2490 2881 aliis
2534 2841 2788 2905 quoque
2830 2841 2935 2897 cp-

658 2920 916 2984 dicibus
972 2918 1251 2985 traditae
1306 2921 1478 2984 sint:
1536 2920 1904 2993 accuratius
1947 2917 2198 2984 dixeris
2240 2942 2507 3006 prorsus
2547 2920 2782 2984 abesse
2824 2944 2935 2985 eas

658 3044 700 3085 a
726 3022 1062 3086 codicibus
1098 3021 1426 3103 PRBEO,
1454 3022 1542 3086 ab
1572 3021 1853 3103 Erasmi,
1885 3019 2365 3101 Panthaleonis,
2399 3021 2709 3101 Fabricii,
2740 3022 2937 3086 Bent-

658 3123 769 3187 leii
814 3122 1023 3205 libris,
1068 3145 1110 3186 a
1153 3122 1468 3188 Palatinis
1514 3123 1782 3187 Gruteri
1827 3133 2103 3208 excepto
2146 3146 2274 3187 uno
2317 3123 2432 3207 (cf.
2467 3122 2554 3186 ad
2597 3145 2662 3186 v.
2693 3124 2799 3187 35.
2829 3126 2935 3188 39.

664 3225 803 3288 146.
854 3225 993 3289 165.
1028 3224 1207 3309 224),
1253 3238 1617 3289 ceterorum
1659 3223 1910 3288 nullum
1953 3246 2118 3305 esse,
2165 3224 2279 3310 qui
2319 3246 2540 3287 omnes
2585 3227 2934 3289 contineat.

660 3323 1043 3390 Simillimus
1098 3326 1361 3412 quidem
1407 3326 1817 3410 Frisingensi
1857 3338 1956 3389 est
1995 3323 2208 3389 codex
2254 3325 2808 3407 vindobonensiS,
2866 3329 2936 3391 in

658 3448 787 3512 quo
833 3447 898 3488 v.
928 3426 1203 3508 35-43‚
1252 3427 1524 3507 79-83‚
1574 3427 1900 3492 107—121
1949 3426 2224 3491 totidem
2265 3427 2404 3490 fere
2447 3427 2666 3491 verbis
2709 3427 2934 3512 legun-

657 3540 785 3609 tur,
831 3528 926 3592 ita
966 3540 1039 3593 ut
1071 3528 1480 3613 Frisingensi
1520 3550 1644 3615 par
1685 3542 1854 3592 esset
1885 3528 2269 3610 censendus,
2313 3529 2443 3592 nisi
2473 3530 2542 3591 in
2569 3528 2854 3593 litteram
2885 3531 2944 3595 G

658 3628 983 3695 deficeret„
1070 3630 1417 3695 Praeterea
1466 3653 1614 3695 cum
1659 3629 2001 3694 Turiceusi
2053 3642 2420 3715 congruunt
2477 3630 2935 3715 Frisingenses

660 3732 1021 3795 sententiae
1080 3733 1222 3803 109.
1272 3733 1411 3796 112.
1465 3734 1603 3798 115.
1653 3732 1794 3796 116.
1839 3732 1985 3795 226.
2029 3732 2179 3795 284.
2221 3732 2382 3813 3663
2441 3754 2482 3795 a
2525 3730 2742 3796 Gellio
2795 3731 2931 3797 lau-

660 3830 901 3895 dantur
942 3854 1006 3895 v.
1059 3834 1179 3896 193
1222 3846 1287 3897 ct
1328 3834 1476 3915 362,
1518 3856 1559 3897 a
1604 3834 1854 3899 Seneca
1893 3855 1956 3896 v.
1997 3833 2118 3896 119
2161 3844 2224 3897 ct
2252 3834 2402 3915 236,
2448 3857 2609 3919 quos
2651 3856 2694 3896 a
2735 3832 2932 3897 libra—

658 3934 757 3997 rio
810 3934 877 3996 iu
934 3950 1229 3998 veterum
1282 3935 1543 4020 scriptis
1596 3933 1872 3998 multum
1925 3933 2222 3999 volutato
2275 3958 2364 3999 ex
2401 3936 2566 4022 ipsis
2609 3934 2826 4000 Gellio
2869 3947 2938 4000 et

660 4036 909 4099 Seneca
960 4032 1178 4099 illatos
1222 4056 1366 4099 esse
1410 4034 1557 4099 idco
1600 4057 1828 4121 parum
1869 4033 2185 4099 credibile
2227 4048 2359 4115 est,
2413 4036 2570 4122 quia
2611 4057 2728 4099 cur
2769 4035 2934 4100 duos

656 4136 822 4201 alios
852 4158 893 4200 a
920 4135 1137 4201 Gellio
1180 4136 1411 4200 eodem
1452 4133 1592 4201 loco
1633 4136 1922 4223 prolatos
1967 4140 2066 4220 (v.
2103 4138 2243 4205 106.
2272 4138 2426 4223 264)
2457 4139 2769 4219 omiserit,
2815 4139 2938 4201 vix

658 4238 817 4302 satis
873 4238 1107 4303 idonea
1148 4258 1345 4302 caum
1390 4238 1674 4302 inveniri
1716 4250 1950 4324 potest.
2039 4236 2264 4317 Quare
2305 4260 2436 4303 nou
2479 4250 2610 4320 est,
2666 4237 2842 4325 quod
2885 4240 2938 4303 ii

660 4361 890 4405 versus
932 4342 1001 4404 iu
1042 4342 1418 4403 universum
1458 4338 1722 4424 quidem
1765 4342 2200 4427 suspicionem
2235 4354 2562 4424 moveant,
2605 4354 2936 4427 tamquam

656 4439 923 4507 aliunde
962 4443 1205 4527 assuti3
1248 4440 1365 4507 scd
1408 4440 1719 4509 videntur
1758 4443 1975 4531 potius
2017 4442 2461 4528 Frisiugmsis
2503 4454 2570 4511 et
2597 4442 2934 4509 Vindobo-
