3209 5184
566 485 688 551 124
1352 499 1791 551 SENTENTIAE.
1835 500 2056 549 FALso

730 650 925 718 Felix
968 653 1350 719 criminibus
1394 652 1611 719 nullus
1655 674 1963 740 umquam
2009 654 2132 719 erit
2180 654 2313 719 diu.

725 755 922 821 Felix
965 763 1064 818 est
1105 777 1235 820 non
1279 756 1390 842 qui
1436 754 1699 821 videtur
1744 777 1886 820 esse
1927 754 2095 838 aliis,
2143 755 2261 820 sed.
2312 756 2425 843 qui
2468 756 2616 821 sibi.

565 862 683 923 135
729 855 926 921 Felix
968 855 1233 920 videtur
1279 857 1391 942 qui
1433 855 1606 920 mala
1651 857 1911 942 ignorat
1954 878 2092 922 sua.

729 957 967 1022 Ferme
1010 956 1323 1042 fugiendo
1368 959 1438 1023 in
1480 958 1695 1022 media
1739 957 1878 1023 fata
1921 959 2294 1024 incurritur.

731 1058 922 1123 Ficta
966 1058 1097 1123 cito
1140 1058 1226 1122 ad
1269 1067 1568 1124 naturam
1611 1058 1929 1124 redierint
1973 1081 2178 1124 suam.

726 1160 1055 1225 Fortunae
1098 1159 1352 1225 invidia
1395 1170 1514 1245 est,
1561 1161 1621 1225 si
1664 1162 1810 1248 quis
1855 1161 2177 1227 immerito
2222 1162 2443 1227 miser.

729 1262 1023 1329 Fortuna
1064 1262 1166 1326 ius
1210 1262 1281 1326 in
1323 1262 1644 1346 homines,
1688 1284 1901 1327 mores
1945 1284 2076 1327 non
2119 1261 2336 1328 habet.

566 1370 688 1430 140
730 1363 1021 1429 Fortuna
1064 1385 1300 1449 magna
1346 1364 1609 1430 domino
1656 1374 1757 1430 est
1800 1365 2111 1429 servitus.

732 1466 1089 1531 Fortunam
1133 1465 1367 1553 cuique
1408 1487 1620 1530 mores
1667 1465 2046 1551 confingunt
2090 1466 2213 1531 sui.

730 1567 1022 1633 Fortuna
1065 1566 1286 1631 multis
1331 1566 1446 1632 dat
1487 1566 1706 1651 nimis,
1752 1566 1916 1632 nulli
1961 1568 2143 1632 satis.

728 1669 1022 1734 Fortuna
1063 1690 1180 1733 nos
1227 1668 1454 1753 vincit,
1498 1668 1630 1734 nisi
1670 1677 1809 1734 tota
1851 1669 2159 1734 vincitur.

729 1770 1023 1837 Fortuna
1066 1791 1195 1856 quo
1240 1791 1334 1854 se,
1381 1770 1611 1836 eodem
1659 1780 1726 1835 et
1768 1768 2043 1835 inclinat
2085 1769 2296 1837 favor.

568 1879 688 1937 145
736 1872 1030 1937 Fortuna
1070 1894 1196 1937 usu
1241 1870 1357 1936 dat
1397 1871 1625 1954 multa,
1674 1872 1996 1960 mancipio
2041 1870 2227 1937 nihil.

733 1973 1068 2060 Frequens
1135 1971 1430 2040 vindicta
1483 1995 1838 2061 paucorum
1893 1973 2116 2040 odium
2168 1975 2498 2060 reprimit,
2567 1975 2870 2041 omnium

1785 2075 2025 2141 irritat.

735 2175 1046 2243 Geminat
1088 2185 1449 2264 peccatum,
1495 2196 1691 2264 quem
1734 2175 1961 2242 delicti
2000 2198 2135 2261 non
2177 2174 2401 2264 pudet.

734 2278 1035 2345 Gemitus
1081 2278 1336 2345 dolores
1381 2277 1652 2361 indicat,
1698 2299 1830 2344 non
1873 2273 2218 2344 vindicat.'

732 2378 1078 2447 Gladiator
1118 2381 1190 2444 in
1232 2401 1430 2445 arena
1474 2380 1819 2446 consilium
1863 2382 2063 2468 capit.

570 2487 691 2548 150
736 2479 1112 2547 Gloriosum
1157 2489 1256 2547 est
1296 2483 1463 2547 iram
1505 2482 1700 2547 amici
1742 2482 2069 2548 amicitiae
2114 2479 2296 2546 dare.

738 2581 1000 2649 Gradus
1044 2605 1085 2647 a
1128 2584 1382 2668 magnis
1426 2584 1501 2650 fit
1543 2583 1632 2649 ad
1674 2585 1924 2650 maiora
1969 2584 2251 2673 saepius.

743 2682 1070 2751 Graviora
1114 2683 1435 2771 quaedam
1479 2695 1634 2752 sunt
1676 2685 1966 2752 remedia
2007 2684 2339 2775 periculis.

737 2783 1026 2852 Gravius
1070 2786 1396 2872 irascitur,
1444 2789 1557 2875 qui
1601 2787 1781 2875 quod
1826 2788 2002 2855 dolet
2045 2788 2168 2853 deo
2214 2787 2645 2854 commendat.

736 2888 919 2953 Haec
963 2884 1306 2953 clementia
1346 2890 1714 2977 principem
1745 2890 1955 2974 decet,
2000 2898 2096 2973 ut,
2142 2911 2548 2978 quocumque
2578 2890 2874 2975 venerit,

1784 2993 2221 3058 mansuetiora
2264 2992 2483 3058 omnia
2525 2991 2745 3057 faciat.

574 3098 692 3156 155
736 3089 936 3157 Haud
977 3093 1191 3158 minus
1235 3093 1455 3180 turpia
1498 3103 1652 3159 sunt
1694 3094 1978 3181 principi
2019 3093 2226 3159 multa
2269 3093 2616 3182 supplicia,
2663 3115 2874 3180 quam

1785 3196 2036 3261 medico
2079 3194 2285 3260 multa
2327 3195 2577 3277 funera.

738 3292 885 3359 Hoc
924 3296 1133 3381 magis
1179 3316 1476 3384 premere
1517 3295 1602 3361 ab
1646 3297 1766 3383 ira,
1813 3319 1939 3384 quo
1984 3295 2153 3361 iram
2194 3297 2517 3384 presseris
2561 3298 2802 3363 minus·

743 3592 864 3651 133
909 3593 979 3650 F.
1157 3590 1278 3650 134
1325 3591 1425 3649 Gr.
1459 3590 1585 3647 Sen.
1617 3589 1685 3647 de
1714 3591 1916 3649 remed.
1950 3591 2080 3649 fort.
2116 3592 2217 3666 16,
2252 3592 2333 3652 10
2504 3590 2622 3651 135
2669 3592 2739 3649 F.
2774 3592 2869 3652 Cf.

570 3676 695 3735 Sen.
728 3677 952 3751 Thyest.
987 3675 1108 3735 783
1229 3676 1348 3734 136
1394 3675 1464 3733 F.
1495 3675 1606 3733 Liv.
1640 3676 1700 3748 8,
1733 3675 1836 3750 24,
1867 3675 1927 3734 4.
1961 3676 2039 3733 Cf.
2074 3694 2238 3753 supra
2267 3695 2317 3735 v.
2345 3675 2466 3736 567
2589 3677 2706 3736 137
2750 3679 2871 3737 Ρη.

569 3762 695 3818 Seu.
731 3761 798 3818 de
827 3763 982 3818 clem.
1019 3761 1075 3832 1,
1112 3761 1168 3831 1,
1202 3760 1238 3818 6
1269 3764 1552 3834 recidunt,
1584 3760 1728 3819 unde
1758 3761 1984 3819 Godofr.
2016 3762 2215 3836 aliique
2245 3779 2351 3820 scr.
2387 3764 2704 3820 reciderint

576 3845 695 3905 138
741 3847 811 3903 F.
846 3845 851 3850 ’
963 3844 1078 3904 139
1125 3845 1221 3902 Ps.
1257 3844 1382 3902 Seu.
1414 3847 1574 3920 epist.
1607 3846 1710 3919 36,
1743 3846 1779 3904 6
1928 3845 2051 3905 140
2094 3849 2191 3905 Ps.
2226 3847 2351 3904 Sen.
2385 3864 2537 3904 cons.
2573 3846 2636 3904 ad
2665 3846 2868 3922 Polyb.

574 3931 634 4003 6,
668 3930 705 3987 5
853 3929 971 3986 141
1020 3930 1128 3987 Βο.
1162 3928 1323 3987 Corn.
1357 3930 1490 4004 Nep.
1524 3932 1636 3987 Att.
1671 3931 1747 3987 11
1916 3930 2034 3988 142
2080 3932 2180 3989 Ps.
2358 3930 2476 3991 143
2524 3932 2609 3990 Gr
2638 3948 2704 3989 ex
2734 3932 2866 3991 cod.

569 4016 738 4072 Palat.
795 4014 920 4072 Sen.
954 4014 1021 4070 de
1051 4023 1228 4073 const.
1259 4031 1373 4089 sap.
1411 4014 1509 4088 15,
1540 4014 1578 4073 3
1776 4015 1896 4072 144
1942 4016 2041 4074 Ps.
2240 4014 2360 4074 145
2405 4017 2504 4074 Ps.
2539 4015 2663 4073 Seu.
2695 4018 2871 4092 epist.

546 4100 673 4172 72,
707 4099 742 4157 7
918 4096 1038 4157 146
1083 4101 1194 4156 Ρη.
1228 4098 1355 4156 Sen.
1386 4099 1454 4156 de
1484 4099 1639 4155 olem.
1677 4100 1735 4171 1,
1767 4100 1828 4174 8,
1860 4101 1897 4158 6
2074 4099 2192 4159 147
2237 4101 2337 4160 Ps.
2370 4100 2522 4158 Caec.
2553 4100 2700 4158 Balh.
2733 4101 2866 4161 Par.

572 4186 674 4256 81,
702 4202 796 4259 pg.
828 4182 909 4240 42
1117 4183 1238 4242 148
1288 4183 1371 4240 Gr
1399 4199 1464 4240 ex
1494 4182 1615 4239 cod.
1644 4183 1811 4241 Palat.
2018 4184 2135 4244 149
2182 4186 2291 4245 Bo.
2326 4185 2454 4243 Seu.
2490 4188 2649 4261 epist.
2683 4185 2785 4259 22,
2827 4190 2866 4245 1

768 4267 890 4327 150
930 4269 1004 4327 R.
1035 4270 1162 4325 Seu.
1193 4268 1260 4325 de
1289 4270 1368 4325 ira
1398 4268 1458 4340 2,
1489 4266 1593 4343 34,
1625 4268 1666 4325 4
1884 4268 1999 4327 151
2045 4271 2156 4334 Ρη.
2189 4269 2316 4329 Seu.
2346 4270 2414 4327 de
2444 4271 2597 4328 olem.
2635 4271 2692 4342 1,
2729 4271 2786 4343 1,
2825 4272 2868 4329 7

777 4352 894 4411 152
938 4354 1037 4411 Ps.
1072 4352 1149 4410 Cf.
1182 4352 1308 4410 Sen.
1341 4352 1524 4411 Medea
1553 4352 1677 4412 436
1710 4354 1791 4411 ed.
1826 4354 2036 4428 Peiperi
2253 4354 2372 4414 153
2421 4356 2487 4424 Q.
2521 4354 2675 4413 Caec.
2707 4355 2865 4413 Balb.

572 4438 692 4495 Par.
727 4438 827 4513 64,
858 4456 952 4514 pg.
986 4437 1067 4495 42
1244 4437 1364 4496 154
1412 4439 1511 4496 Ge.
1545 4438 1672 4495 Sen.
1703 4437 1772 4495 de
1801 4440 1957 4496 clem.
1993 4440 2050 4510 1,
2086 4440 2185 4514 16,
2219 4440 2251 4497 1
2417 4438 2537 4498 155
2583 4439 2692 4499 Ρη.
2727 4440 2866 4499 Seu.

574 4522 641 4581 de
671 4523 825 4580 clem.
861 4524 919 4597 1,
952 4521 1053 4596 24,
1091 4524 1122 4579 1
1303 4523 1422 4582 156
1470 4524 1554 4580 Gr
1584 4523 1642 4580 2.
1677 4522 1827 4582 Caec.
1861 4523 2005 4580 Balh.
2037 4524 2179 4582 Mon.
2213 4525 2274 4599 7,
2307 4526 2368 4598 1,
2398 4542 2492 4600 pg.
2529 4524 2606 4582 21
