3209 5184
1140 498 1693 548 PROLEGOMENA.
2481 485 2559 550 61
2585 526 2590 531 -

263 677 455 740 saepe
497 657 572 719 in
613 657 869 739 sapiens
910 653 1217 738 abiisset,
1271 652 1538 719 librario
1583 655 1952 719 necessario
1997 656 2111 719 dat
2152 653 2568 729 scribendum

263 759 416 822 fuit.
506 756 648 822 Nos
696 755 1218 821 emendavimus:

578 899 764 973 Saepe
802 899 1144 973 iquosceudo
1188 898 1286 956 des
1313 900 1584 957 iniuriae
1627 899 1813 957 locum
1857 893 2053 977 (vulg.
2100 895 2271 980 ἄεις),-

264 1052 424 1093 nam
470 1030 958 1094 coniunctivum
1003 1026 1425 1114 requirebant
1470 1028 1537 1091 hi
1584 1050 1812 1092 versus
1858 1027 2111 1093 collati:
2156 1029 2282 1094 252
2312 1031 2566 1094 tacendo

262 1133 507 1212 facia-S,
567 1131 693 1195 331
738 1131 1207 1212 interpretando
1259 1130 1496 1209 facicm,
1556 1130 1681 1196 645
1721 1130 1976 1223 ferendo
2033 1134 2273 1196 invite-5².
2363 1131 2566 1195 Recte

268 1234 539 1319 quidem
587 1253 659 1296 se
703 1230 900 1296 habet
953 1230 1383 1314 indicatiVuS‚
1442 1253 1590 1295 cum
1638 1241 1702 1296 et
1746 1254 1968 1297 omnes
2014 1231 2170 1297 libri
2215 1231 2394 1296 illam
2436 1233 2566 1298 for-

266 1357 444 1398 mam
486 1342 755 1398 tuentur
799 1342 864 1397 et
901 1332 1223 1420 particula
1261 1355 1401 1398 eum
1445 1332 1622 1396 idem
1664 1333 1800 1397 fere
1839 1331 2014 1399 valet
2055 1333 2231 1420 quod
2273 1344 2565 1399 nostrum

267 1438 478 1501 damit
519 1436 768 1519 dass*)‚
816 1457 880 1498 V.
926 1434 1010 1499 52
1055 1444 1120 1499 et
1168 1434 1290 1499 122

580 1577 694 1635 Bis
724 1595 949 1650 peccas,
995 1594 1125 1636 cum
1159 1578 1429 1651 peccanti
1470 1577 1808 1649 obsequium
1849 1580 2261 1648 accommoda&

584 1677 734 1738 Oum
776 1680 884 1738 das
926 1698 1107 1738 avaro
1140 1681 1495 1752 praemium,
1540 1683 1606 1737 ut
1650 1684 1850 1738 noceat
1890 1699 2080 1755 royas,

271 1832 670 1896 quamquam
714 1812 784 1874 in
829 1810 1180 1875 enuntiatis
1225 1807 1526 1873 similiter
1558 1809 1864 1896 ‘formatis
1910 1811 2170 1897 saepius
2209 1812 2566 1876 coniuncti—

273 1935 400 1976 vus
461 1910 677 1976 locum
734 1910 863 1975 sibi
916 1910 1212 1976 vindicat
1266 1933 1330 1973 v.
1383 1912 1522 1975 117.
1578 1911 1726 1976 232.
1783 1912 1930 1977 233.
1975 1913 2121 1977 361.
2166 1912 2314 1977 468.
2404 1912 2567 1977 Cum

272 2036 434 2079 vero
479 2015 660 2078 notio
705 2013 1077 2100 temporalis
1121 2016 1360 2077 transit
1402 2013 1473 2077 in
1516 2012 2052 2096 condicionalem,
2104 2024 2178 2079 ut
2221 2016 2290 2078 in
2333 2036 2568 2099 gerun-

272 2115 371 2179 dii
418 2114 741 2201 exemplis
786 2115 977 2180 modo
1022 2114 1314 2202 prolatis,
1363 2113 1470 2178 vel
1499 2137 1647 2178 cum
1679 2117 2083 2180 enuntiatum
2114 2115 2570 2187 secundarium

272 2217 615 2282 inducitur
659 2216 1000 2304 particulis
1043 2218 1181 2295 ubi,
1225 2219 1311 2296 si,
1357 2219 1515 2296 nisi,
1563 2226 1628 2282 et
1672 2218 1742 2280 in
1787 2220 2032 2304 protasi
2077 2227 2143 2282 et
2184 2219 2255 2281 in
2297 2216 2571 2305 apodosi

274 2319 769 2383 coniunctivum
812 2318 1030 2405 posuit
1074 2316 1398 2383 Publilius
1442 2341 1507 2382 v.
1553 2319 1658 2382 21.
1706 2319 1807 2383 88.
1853 2319 2000 2384 285.
2047 2318 2195 2384 394.
2238 2319 2387 2383 427.
2419 2319 2568 2402 635,

274 2443 468 2507 quem
512 2443 577 2489 V.
623 2442 880 2507 quoque
925 2421 1007 2485 78
1053 2442 1139 2483 ex
1180 2419 1557 2485 melioribus
1603 2419 1975 2501 codicibus,
2035 2444 2102 2485 v.
2150 2421 2230 2485 10
2280 2443 2365 2485 ex
2419 2443 2568 2487 con-

277 2526 525 2588 iectura
581 2522 809 2587 codice
851 2521 1204 2587 Basiliensi
1260 2531 1324 2586 et
1367 2522 1727 2587 rationibus
1784 2524 2073 2587 metricis
2124 2523 2573 2588 commendata

276 2628 627 2690 restituere
670 2623 845 2689 haud
889 2620 1358 2689 dubitavimus.
1447 2623 1598 2690 Uno
1644 2634 1899 2689 tantum
1942 2622 2103 2707 Ιοοο,
2152 2647 2218 2715 v.
2247 2625 2396 2709 566,
2439 2648 2570 2690 me-

274 2738 378 2791 tro
441 2738 702 2792 coactus
760 2728 819 2790 si
859 2731 1039 2809 potes
1092 2727 1359 2813 scripsit
1402 2724 1746 2791 Publilius.
1837 2725 2051 2792 Simili
2105 2726 2386 2813 denique
2440 2749 2571 2791 me-

288 2829 438 2893 dela
490 2827 910 2914 refingendus
968 2837 1107 2893 erat
1155 2851 1221 2891 v.
1266 2829 1394 2893 395
1440 2830 1788 2912 (iuvenias.·
1844 2827 1915 2891 F
1948 2830 2250 2916 invenies)
2295 2829 2381 2894 ad
2423 2852 2596 2905 nor-N

283 2954 455 2995 mam
502 2953 810 2995 versuum
859 2929 1002 2995 168.
1046 2931 1193 2996 280.
1239 2930 1385 2995 371.
1432 2931 1578 2995 579.

453 3031 794 3097 Modestus
825 3030 935 3097 ille
968 3042 1033 3097 et
1068 3032 1355 3097 urbanus
1388 3055 1622 3114 sermo,
1664 3054 1855 3119 quem
1884 3035 1954 3097 in
1984 3031 2269 3096 secunda
2297 3054 2576 3118 persona

279 3138 366 3200 ad
413 3135 903 3200 coniunctivum
947 3133 1262 3199 inclinare
1302 3134 1495 3200 modo
1539 3134 1850 3217 vidimus,
1895 3136 1966 3198 in
1992 3132 2287 3199 relativis
2319 3156 2574 3222 quoque

288 3238 645 3301 enuntiatis
703 3236 1136 3301 indicativum
1190 3238 1310 3300 vix
1351 3237 1664 3301 admittit.
1754 3236 1892 3301 cfr.
1936 3259 2001 3299 v.
2051 3235 2192 3301 172.
2236 3236 2384 3300 209.
2427 3237 2574 3302 314.

287 3341 433 3405 370.
479 3339 626 3404 384.
676 3338 861 3426 (487)
908 3340 1091 3426 (507)
1136 3339 1282 3404 519.
1330 3340 1476 3405 557.
1520 3331 1667 3403 567.
1712 3338 1859 3403 572.
1906 3339 2051 3403 648.
2142 3336 2323 3418 Quin
2379 3340 2575 3403 etiam

285 3464 429 3506 cum
471 3441 968 3530 pronominibus
1014 3445 1298 3524 quisquis
1340 3453 1407 3505 et
1449 3443 1821 3523 quicumque
1863 3441 2318 3506 coniunctivus
2349 3461 2575 3505 secun·

286 3544 405 3608 dae
448 3564 764 3633 personae
807 3545 1241 3630 coniungitur,
1288 3566 1353 3607 v.
1385 3544 1425 3608 9
1467 3545 1779 3625 quidquid
1807 3545 2031 3626 possi3‚
2076 3543 2201 3608 512
2241 3544 2571 3624 quodcum-

290 3670 403 3729 que
432 3649 599 3727 celes,
632 3647 756 3712 581
778 3648 1088 3729 quidquid
1116 3647 1376 3727 auferas
1386 3671 1409 3725 ‚·
1453 3668 1517 3708 v.
1542 3646 1658 3711 551
1703 3655 1993 3732 praestat
2025 3643 2367 3709 emendare
2397 3647 2573 3727 quid-

289 3753 441 3833 quid
468 3752 802 3836 possideas
845 3749 945 3834 (F
953 3751 1316 3833 possidetis)
1363 3770 1556 3835 quam
1588 3750 1891 3831 possides.
1975 3747 2280 3812 Ceterum
2322 3746 2573 3812 indica—

290 3853 495 3919 tivum
538 3877 604 3917 v.
649 3853 776 3919 509
821 3853 1131 3934 quidquid
1170 3854 1422 3917 conaris
1464 3852 1782 3915 intactum
1825 3850 2226 3939 reliquimus.

455 3955 588 4022 Sed
632 3956 763 4020 iam
807 3957 965 4020 satis
1014 3976 1335 4041 superque
1378 3953 1659 4041 praefati
1705 3977 1948 4019 sumus.
2034 3952 2229 4017 Aliae
2273 3954 2573 4016 emenda-

292 4059 489 4124 tiones
533 4068 647 4123 aut
688 4081 819 4123 non
861 4057 1162 4143 indigent
1205 4056 1602 4138 defensione,
1648 4066 1763 4121 aut
1792 4056 1875 4121 de
1905 4054 2296 4120 emendandi
2323 4057 2574 4119 ratione

293 4162 578 4228 breviter
622 4162 872 4227 dictum
915 4170 1014 4225 est
1057 4163 1127 4226 in
1167 4160 1587 4225 adnotatione
1631 4161 1883 4251 critica.

412 4337 478 4404 ⁴³)
517 4339 601 4389 Cf.
636 4337 859 4406 yratum
893 4332 1042 4400 facio
1076 4349 1197 4387 cum
1234 4351 1348 4401 seq.
1387 4335 1705 4390 indicativo.
