3209 5184
663 454 745 518 66
1291 468 1602 515 Pnssmnn
1650 468 1805 516 sirm
1852 464 2309 515 SENTENTIAE.

831 622 942 686 Ad
986 622 1246 686 tristem
1292 630 1543 708 partem
1589 629 1853 685 strenua
1898 628 1997 683 est
2040 618 2346 706 suspici0.

827 723 1029 788 Ames
1074 732 1432 810 parentem,
1482 723 1537 786 si
1580 743 1826 808 aequus
1874 730 2004 785 est:
2052 722 2107 784 si
2151 719 2363 803 aliter,
2410 719 2604 784 feras.

827 824 1148 912 Aspicere
1192 833 1466 912 oportet,
1518 821 1837 909 quidquid
1883 823 2094 909 possis
2138 820 2435 909 perdere.

706 933 785 992 10
828 926 1045 990 Amici
1092 925 1256 990 vitia
1300 926 1358 989 si
1403 925 1597 1005 feraS,
1645 923 1845 987 facias
1891 932 2024 987 tua.

825 1025 1133 1091 Alienum
1176 1047 1287 1090 aes
1332 1025 1579 1090 homini
1623 1027 1905 1111 ingenuo
1949 1024 2186 1089 acerba
2231 1034 2329 1089 est
2373 1025 2675 1089 servitus.

825 1128 1190 1193 Absentem
1234 1125 1456 1210 laedit,
1505 1149 1653 1203 cum
1698 1126 1878 1193 ebrio
1924 1129 2037 1214 qui
2081 1125 2318 1211 litigat.

825 1230 1074 1295 Amans
1119 1233 1324 1294 iratus
1369 1228 1572 1294 multa
1616 1229 1926 1293 mentitur
1971 1228 2119 1293 sibi.

823 1332 1086 1396 Avarus
1132 1332 1273 1419 ipse
1315 1331 1620 1395 miseriae
1665 1351 1859 1394 causa
1904 1338 2001 1394 est
2046 1351 2220 1393 suae.

702 1440 779 1498 15
825 1434 1074 1498 Amans
1121 1431 1284 1519 quid
1329 1432 1552 1519 cupiat
1598 1433 1742 1515 scit,
1791 1429 1950 1517 quid
1996 1432 2208 1518 sapiat
2248 1452 2381 1494 non
2425 1429 2629 1494 videt.

823 1535 1066 1600 Amans
1115 1532 1288 1620 quod
1334 1533 1723 1620 suspicatur,
1769 1531 2053 1617 vigilans
2100 1532 2399 1596 somniat.

825 1635 936 1701 Ad
981 1635 1418 1700 calamitatem
1462 1632 1739 1721 quilibet
1782 1656 2000 1698 rumor
2043 1632 2240 1697 valet.

821 1738 1027 1803 Amor
1071 1737 1448 1825 extorqueri
1490 1759 1624 1801 non
1666 1744 1840 1824 pote,
1888 1733 2060 1800 elabi
2103 1744 2274 1822 pote.

825 1840 935 1905 Ab
980 1849 1240 1904 amante
1285 1839 1571 1903 lacrimis
1619 1837 1902 1902 redimas
1948 1836 2372 1901 iracundiam.

705 1948 787 2007 20
830 1941 1078 2028 Aperte
1123 1939 1293 2004 mala
1339 1962 1480 2004 cum
1530 1950 1629 2005 est
1672 1938 1925 2020 mulier,
1971 1947 2109 2002 tum
2155 1936 2414 2002 demum
2460 1945 2560 2001 est
2602 1937 2792 2002 bona.

657 2168 925 2212 CODICES
970 2171 1022 2209 V.
1058 2150 1292 2208 1—34:
1337 2148 1792 2223 PRBFV(EG)

825 2288 859 2344 7
907 2305 1013 2345 om.
1046 2288 1149 2345 Pb.
1325 2294 1586 2342 strennua
1627 2288 1680 2343 R
1704 2286 2033 2342 VErasmus
2203 2293 2288 2341 est
2320 2285 2579 2342 Senecae
2622 2287 2789 2342 editio
2821 2285 2946 2341 Ba-

654 2376 902 2431 siliensis
932 2376 1075 2430 anni
1104 2370 1290 2442 1515,
1319 2373 1665 2429 Fabricius:
1710 2388 1813 2428 om.
1846 2371 1892 2426 L
2042 2370 2141 2426 sti.
2176 2387 2221 2425 s,
2254 2369 2485 2426 debetur
2516 2370 2561 2426 C
2727 2369 2764 2426 8
2810 2370 2951 2426 Dio-

655 2461 807 2532 nysii
835 2458 1065 2515 Catonis
1096 2458 1249 2513 brev.
1284 2462 1428 2513 sent.
1462 2454 1546 2513 40
1577 2453 1854 2511 ‘Parentes
1886 2456 2140 2528 patientia
2171 2451 2348 2510 vince’
2526 2462 2609 2510 est
2639 2454 2696 2509 B
2724 2470 2841 2512 see.
2873 2474 2948 2511 m.

656 2560 840 2615 supra
884 2558 1139 2611 versum,
1188 2542 1270 2597 sin
1314 2541 1470 2597 aliter
1501 2541 1569 2611 C,
1614 2542 1953 2609 Fabricius,
1999 2541 2149 2596 unde
2178 2540 2586 2596 Froehlichius
2629 2542 2870 2596 coniecit
2901 2540 2950 2594 si

655 2643 889 2701 aequus;
932 2627 1014 2682 sin
1046 2626 1200 2682 aliter
1230 2625 1388 2681 feraS.
1523 2625 1660 2682 alter
1688 2627 1779 2682 Pa
1810 2627 2095 2682 Erasmus
2265 2624 2300 2680 9
2349 2623 2601 2697 Aspicere
2632 2622 2690 2695 (i.
2723 2639 2771 2679 e.
2809 2639 2949 2680 ocu-

651 2715 725 2769 lis
768 2708 1080 2782 custodire)
1134 2710 1311 2767 LEO.-
1379 2710 1657 2784 despicere
1710 2712 1957 2767 editores
2007 2726 2086 2766 ex
2137 2712 2472 2766 coniectura
2523 2710 2766 2765 Pithoei.
2856 2708 2947 2780 Cf.

643 2815 746 2870 pq.
790 2796 867 2853 52
913 2798 1106 2853 adnot.
1283 2795 1537 2869 quicquid
1594 2797 1718 2852 cod.
1770 2796 1930 2852 Trin.
1991 2802 2044 2851 ei
2087 2793 2438 2850 Sidneianus
2486 2795 2738 2850 Bentleii
2747 2818 2762 2846 .·
2817 2793 2950 2866 quid

654 2881 928 2953 PaREC,
978 2881 1123 2955 quod
1167 2881 1253 2938 Pb
1297 2881 1410 2935 BF
1424 2881 1492 2951 V,
1550 2896 1689 2953 quae
1730 2879 1808 2936 H.
1855 2881 2187 2951 Stephanus
2357 2879 2532 2951 possit
2575 2878 2627 2933 R
2798 2876 2950 2951 quod

653 2966 834 3040 possis
875 2965 1172 3041 deperdere
1215 2966 1525 3036 Erasmus,
1582 2964 1838 3039 quicquid
1881 2965 2022 3020 nolis
2068 2962 2296 3037 perdere
2340 2962 2556 3020 Gruter
2729 2963 2808 3019 10
2854 2961 2948 3033 Cf.

655 3070 702 3108 v.
747 3049 897 3114 474;
956 3054 1129 3107 aliter
1188 3052 1373 3107 Varro
1416 3050 1576 3122 apud
1616 3050 1857 3106 Gellium
1901 3051 1968 3121 1,
2007 3049 2105 3119 17,
2134 3047 2173 3103 4
2347 3048 2522 3103 Mores
2564 3047 2717 3102 amici
2758 3047 2950 3103 Bothe

823 3137 869 3191 si
911 3137 968 3192 B
1008 3139 1065 3192 in
1109 3152 1355 3205 rasura,
1407 3134 1467 3207 C,
1509 3136 1825 3191 Erasmus.-
1871 3135 1972 3190 nisi
2001 3133 2306 3203 PRFVE,
2351 3132 2435 3188 vel
2479 3133 2580 3188 nisi
2622 3132 2679 3187 B
2718 3147 2832 3188 sec.
2867 3149 2946 3186 m.

653 3236 838 3293 supra
872 3236 990 3277 scr.
1024 3220 1079 3275 ni
1120 3221 1422 3291 Pithoeus,
1469 3219 1558 3275 ubi
1610 3220 1766 3277 Vine.
1802 3219 1951 3276 Bell.
1986 3235 2073 3290 sp.
2106 3220 2160 3274 d.
2196 3217 2267 3288 5,
2300 3217 2378 3275 89
2550 3211 2587 3250 '¹‘
2617 3215 2805 3272 facias·
2852 3232 2949 3271 ne-

654 3320 804 3362 cesse
847 3313 930 3360 est
971 3303 1131 3359 facias
1165 3305 1219 3361 B
1260 3298 1360 3378 (ef.
1394 3307 1473 3361 ad
1501 3323 1549 3361 v.
1587 3303 1759 3376 671),
1809 3303 1939 3360 sacis
1968 3302 2294 3361 PRFVEC
2339 3303 2495 3360 Vi.nc
2542 3300 2704 3356 facies
2737 3302 2946 3358 Bothe.

656 3390 747 3462 Cf.
782 3407 880 3463 pq.
927 3387 1005 3445 57
1182 3389 1255 3444 11
1306 3389 1621 3445 Menandri
1658 3389 1904 3446 Monost.
1949 3386 2071 3445 514
2122 3374 2193 3441 τὰ
2245 3377 2459 3443 doluerat
2509 3376 2757 3453 δούλους
2809 3374 2951 3453 τούς

655 3467 1010 3547 ἐλευθέρους
1049 3474 1217 3527 ποιεῖ
1379 3490 1468 3529 aes
1497 3474 1564 3544 P,
1606 3474 1911 3530 Pithoeus.-
1954 3490 2013 3529 es
2055 3490 2210 3530 corr.
2246 3488 2325 3529 ex
2355 3480 2438 3528 est
2471 3471 2553 3542 Β,
2601 3489 2708 3527 om.
2740 3472 2856 3528 RF
2869 3471 2950 3534 V

652 3558 821 3615 aliena
854 3559 998 3615 hom.
1027 3560 1085 3629 C,
1121 3560 1406 3615 Erasmus
1520 3566 1604 3613 est
1636 3575 1751 3615 see.
1786 3577 1857 3614 m.
1882 3575 2009 3630 sup.
2036 3574 2154 3614 scr.
2181 3557 2253 3628 B,
2289 3576 2394 3614 om.
2419 3560 2583 3630 vulyo
2724 3556 2798 3611 12
2847 3556 2955 3612 EC

672 3645 828 3701 Vine.
855 3645 1002 3701 Bell.
1031 3661 1119 3717 sp.
1148 3646 1203 3701 d.
1229 3642 1289 3715 4,
1310 3643 1429 3701 157
1569 3642 1753 3699 Semet
1781 3645 1957 3717 ipsum
1988 3641 2123 3699 laed.
2158 3644 2282 3698 cod.
2303 3643 2565 3715 Reyinae
2599 3640 2740 3712 170,
2792 3641 2941 3697 Vati-

655 3745 842 3785 canus
888 3745 1043 3786 saee.
1091 3729 1156 3784 X
1190 3727 1363 3800 (Bibl.
1408 3732 1478 3786 de
1516 3728 1722 3785 l’e'eole
1761 3731 1863 3785 des
1904 3730 2141 3784 elzartes
2179 3727 2273 3798 ΙΙ,
2311 3726 2451 3783 117.
2495 3727 2562 3782 Ρ.
2597 3725 2738 3798 Syri
2774 3729 2944 3794 mimi,

655 3829 785 3869 cum
814 3820 930 3870 noi.
965 3814 1111 3869 Ern.
1148 3813 1484 3887 Smedbery,
1528 3816 1716 3870 denuo
1759 3816 1845 3871 ed.
1882 3815 2008 3869 Em.
2049 3808 2219 3884 Tafel
2253 3810 2448 3882 1841,
2473 3827 2537 3882 p.
2572 3809 2673 3881 52)
2847 3810 2949 3883 qui

652 3914 775 3953 cum
819 3896 968 3954 ebrio
1018 3899 1173 3954 Vino.
1206 3899 1491 3954 Erasmus
1666 3899 1742 3956 13
1791 3898 1880 3971 Cf.
1913 3917 1963 3955 v.
1999 3896 2118 3953 247
2297 3894 2374 3952 14
2419 3897 2533 3969 ipsa
2575 3897 2802 3952 videtur
2837 3911 2945 3966 pr.

653 4001 723 4038 m.
758 3985 1036 4055 scriptum
1072 3982 1262 4054 fuisse
1302 3986 1360 4039 in
1392 3983 1449 4038 B
1623 3982 1699 4039 15
1745 3977 1877 4059 scit]
1925 3989 2017 4038 aut
2049 3981 2095 4038 0
2267 3981 2342 4038 16
2387 3979 2595 4054 viglaus
2627 3981 2711 4051 R,
2756 3980 2814 4034 in
2854 3979 2947 4035 die

653 4067 881 4142 vigilans
916 4067 961 4124 C
1131 4067 1207 4124 17
1255 4083 1363 4123 non
1399 4066 1538 4122 vaiet
1568 4069 1692 4123 eod.
1728 4068 2075 4132 Bernensis,
2119 4083 2230 4122 non
2261 4082 2381 4122 ree.
2414 4084 2485 4121 m.
2521 4082 2704 4137 supra
2736 4080 2852 4121 scr.
2893 4064 2950 4119 B

828 4152 903 4209 18
949 4160 1078 4227 pote
1110 4195 1121 4207 .
1157 4195 1167 4206 .
1200 4159 1330 4226 pote
1380 4153 1437 4222 V,
1481 4159 1666 4226 potest
1701 4197 1713 4211 .
1746 4195 1757 4206 .
1790 4159 1974 4226 potest
2003 4151 2327 4209 PRBFEC
2370 4151 2526 4207 Vinc.
2563 4151 2711 4207 Bell.
2750 4166 2839 4221 sp.
2886 4152 2944 4206 d.

652 4237 713 4310 4,
749 4237 889 4297 109.
923 4238 983 4309 6,
1019 4236 1096 4293 14
1270 4236 1405 4292 elabi
1440 4237 1483 4293 C
1505 4256 1517 4291 ε
1542 4237 1636 4293 sed
1681 4236 1817 4293 elabi
1848 4237 1957 4294 PB
1986 4254 2103 4294 rec.
2137 4255 2208 4292 m.
2241 4253 2369 4308 sup.
2416 4252 2530 4292 ser.
2566 4236 2623 4290 F
2636 4236 2736 4293 VE
2779 4235 2945 4291 Vinc.
2989 4304 3008 4317 ο

655 4322 784 4380 sede
823 4322 929 4381 labi
973 4323 1057 4394 R,
1100 4321 1196 4377 sed
1244 4321 1346 4377 labi
1379 4321 1453 4379 B.
1530 4320 1616 4394 Cf.
1663 4340 1713 4378 v.
1748 4321 1887 4379 453.
2064 4322 2139 4379 19
2188 4322 2277 4395 Cf.
2316 4322 2544 4377 Terent.
2591 4322 2741 4378 Eun.
2780 4320 2847 4390 1,
2883 4318 2948 4392 2,

654 4407 732 4462 22
769 4424 854 4481 sq.
1028 4406 1255 4463 redimas
1296 4408 1385 4464 Pa
1429 4407 1591 4464 RBC
1648 4407 1803 4464 Vinc.
1848 4408 2000 4464 Bell.
2045 4424 2134 4479 sp.
2177 4407 2231 4463 d.
2278 4405 2350 4478 5,
2393 4405 2501 4463 88:
2547 4404 2777 4461 redimes
2807 4405 2869 4461 F
2883 4405 2950 4475 V,

652 4491 868 4548 redimis
898 4493 984 4550 Pb
1157 4490 1239 4551 20
1283 4492 1372 4566 Cf.
1418 4511 1466 4549 v.
1512 4491 1633 4550 317
1809 4500 1991 4566 aperta
2052 4493 2210 4549 Vino.
2255 4492 2404 4549 Bell.
2446 4508 2536 4564 sp.
2567 4492 2622 4548 d.
2656 4490 2727 4563 5,
2765 4489 2876 4562 10,
2919 4508 2950 4545 a
