3209 5184
580 438 584 449 '
679 424 767 491 40
1554 437 2100 487 PROLEGOMENA.

682 615 850 658 saec.
897 592 1024 658 IX.
1074 604 1137 658 et
1168 593 1256 657 X.
1303 592 1807 680 descripserunt,
1852 615 1981 658 non
2026 592 2233 676 magis
2278 592 2376 655 rei
2419 592 2727 655 metricae
2771 593 2969 678 periti

683 704 900 760 essent
944 683 1138 781 quam
1181 694 1314 778 ille,
1362 695 1473 780 qui
1518 695 1763 781 primus
1807 682 2328 782 supplementum
2358 694 2825 758 sententiarum
2857 715 2966 780 pe-

684 797 1002 861 destrium
1047 794 1259 861 codici
1303 817 1419 860 suo
1464 793 1820 860 inculcavit
1865 805 1928 859 et
1971 795 2288 859 maiorum
2320 795 2804 859 enuntiatorum
2831 816 2964 858 am-

684 898 861 963 bitus
918 898 1012 961 ita
1067 897 1478 984 dispertiisse
1536 899 1695 962 satis
1751 896 2009 979 habuit,
2072 905 2145 963 ut
2202 895 2496 982 singulos
2552 894 2691 959 fere
2736 918 2965 961 versus

685 997 1043 1086 explerent,
1090 998 1335 1063 factum
1380 1007 1497 1081 est,
1544 1008 1617 1063 ut
1662 998 1865 1064 verba
1907 1007 2139 1086 poetae
2182 1020 2314 1063 non
2358 998 2566 1064 solum
2608 998 2967 1063 notissimis

582 1162 591 1173 ,
685 1099 1022 1166 socordiae
1065 1099 1415 1186 generibus
1461 1098 1898 1182 foedarentur,
1946 1100 2063 1163 sed
2108 1101 2304 1165 etiam
2334 1100 2441 1164 hic
2474 1097 2610 1163 illic
2640 1100 2775 1163 suis
2808 1099 2967 1164 locis

684 1210 1120 1266 moverentur.
1209 1202 1510 1266 Ceterum
1580 1202 1666 1266 ad
1729 1202 2206 1268 restituendum
2279 1202 2630 1290 pristinum
2692 1202 2967 1267 nitorem

684 1304 952 1368 minime
1008 1312 1143 1367 tam
1197 1302 1474 1368 fortibus
1531 1304 1839 1369 remediis
1896 1326 2054 1390 opus
2116 1306 2237 1369 erit
2282 1304 2588 1391 quamjn
2631 1303 2849 1368 Plauti
2892 1326 2970 1367 ac

684 1405 979 1469 Terentii
1023 1404 1285 1468 fabulis.
2337 1405 2350 1409 ’

857 1505 987 1571 Sed
1043 1515 1115 1570 ut
1142 1554 1147 1561 «
1172 1506 1595 1571 concedamus
1654 1528 1762 1571 eas
1817 1509 2173 1577 sententias
2218 1506 2452 1571 iambis
2497 1506 2606 1570 vel
2647 1507 2973 1572 trochaeis

683 1607 1030 1673 adstrictas
1077 1630 1239 1691 esse,
1264 1629 1459 1691 ‚nova
1505 1610 1798 1674 exoritur
1841 1609 2155 1695 quaestio,
2204 1631 2330 1695 quo
2362 1609 2501 1673 iure
2531 1607 2819 1673 Publilio
2861 1631 2970 1673 eas

683 1710 1096 1790 addicamuS,
1146 1732 1292 1774 cum
1334 1718 1565 1797 poetae
1609 1732 1846 1775 nomen
1888 1731 1973 1774 ne
2015 1733 2216 1774 unum
2260 1709 2520 1797 quidem
2565 1709 2857 1775 codicem
2902 1712 2975 1775 in

685 1813 898 1877 fronte
942 1811 1271 1899 praeferre
1314 1812 1444 1875 iam
1488 1833 1687 1897 supra
1732 1811 2189 1878 docuerimus?
2236 1811 2306 1876 Si
2351 1812 2419 1874 in
2448 1834 2647 1875 unum
2678 1810 2972 1897 colligas,

686 1935 852 2000 quae
898 1912 980 1976 de
1009 1911 1282 1977 Publilii
1327 1914 1669 1978 sententiis
1702 1913 2092 1979 Senecarum
2135 1913 2412 1977 rhetoris
2456 1935 2535 1976 ac
2577 1912 2973 2001 philosophi,

688 2012 890 2079 Gellii
936 2022 1005 2089 et¹
1041 2014 1363 2089 Macrobii
1406 2016 1799 2080 testimoniis
1844 2037 1961 2102 pro
2006 2014 2362 2102 exploratis
2407 2012 2634 2078 haberi
2678 2025 2973 2102 possunt,

687 2138 760 2181 eo
804 2114 1081 2179 redeunt
1125 2117 1361 2199 omnia,
1407 2124 1480 2180 ut
1523 2125 1775 2182 constet
1822 2137 1929 2180 eas
1973 2115 2177 2181 fuisse
2207 2113 2483 2200 singulis
2513 2115 2815 2180 versibus
2849 2118 2974 2180 cir-

689 2218 1135 2304 cumscriptas,
1181 2217 1524 2305 plerasque
1569 2218 1843 2283 senariis
1889 2217 2189 2282 iambicis
2235 2218 2651 2307 compositaS,
2695 2217 2971 2283 nonnul·

686 2318 782 2382 las
847 2320 1244 2395 tetrametris
1300 2319 1681 2404 trochaicis,
1750 2318 2032 2405 denique
2091 2320 2484 2406 pertinuisse
2547 2318 2633 2382 ad
2687 2319 2973 2406 philoso-

684 2419 906 2507 phiam
960 2420 1269 2484 moralem
1313 2429 1377 2484 et
1419 2421 1503 2484 ad
1549 2442 1977 2487 communem·
1998 2442 2367 2485 sermonum
2409 2443 2599 2485 usum
2643 2443 2974 2487 commen-

689 2522 1056 2586 datissimas
1124 2523 1349 2586 fuisse.
1439 2522 1625 2602 Quae
1682 2522 1898 2587 omnia
1960 2545 2090 2588 non
2145 2521 2354 2586 solum
2411 2523 2681 2589 mirifice
2738 2545 2974 2593 conve-

685 2626 875 2688 niunt
920 2645 1065 2687 cum
1110 2624 1450 2688 sententiis
1494 2626 1758 2707 nostris,
1806 2623 1924 2688 sed
1968 2625 2164 2688 etiam
2208 2645 2437 2688 versus
2483 2626 2539 2687 1.
2582 2624 2643 2687 2.
2687 2623 2792 2692 55.
2829 2626 2976 2690 104.

692 2726 837 2791 176.
885 2725 1026 2790 178.
1070 2725 1216 2790 221.
1260 2724 1408 2789 234.
1453 2725 1599 2791 236.
1645 2726 1791 2791 245.
1836 2725 1982 2790 250.
2030 2725 2177 2790 286.
2221 2726 2368 2789 362.
2413 2724 2768 2790 3831idem
2798 2737 2977 2809 sunt,

690 2850 850 2915 quos
895 2849 935 2890 a
981 2826 1227 2894 Seneca
1272 2836 1336 2891 et
1379 2824 1595 2891 Gellio
1640 2825 1926 2893 Publilio
1971 2828 2173 2893 tribui
2222 2825 2529 2895 vidimuS.

861 2929 1200 3017 Superest,
1259 2938 1333 2994 ut
1378 2927 1763 3016 quomodo
1808 2929 2153 2994 Publilii
2207 2950 2486 2993 nomen
2528 2929 2974 2993 intercide-

689 3032 799 3096 rit
842 3032 1335 3097 acSenecae
1378 3033 1460 3095 in
1505 3031 1677 3094 eius
1724 3030 1988 3097 locum
2033 3032 2559 3114 successerit,
2605 3032 2829 3118 paucis
2862 3054 2973 3095 ex—

688 3155 1028 3221 ponamus.
1117 3133 1344 3198 Potest
1408 3131 1478 3197 id
1546 3154 1702 3196 casu
1765 3131 2116 3213 accidisse,
2182 3132 2461 3197 rescisso
2527 3134 2735 3220 primo
2792 3132 2974 3215 folio,

691 3256 886 3321 quam
931 3235 1364 3321 suspicionem
1410 3233 1623 3300 codex
1666 3232 1798 3316 ille,
1843 3223 2020 3298 unde
2049 3234 2436 3298 Turicensis·
2456 3233 2821 3320 descriptus
2855 3244 2977 3317 est,

690 3334 957 3400 mutilus
1001 3336 1208 3417 initio,
1257 3335 1637 3400 confirmare
1668 3334 1959 3420 videtur3
2005 3345 2221 3422 potest
2265 3335 2350 3399 ad
2383 3357 2530 3399 eum
2561 3335 2974 3401 librariorum

690 3458 937 3503 morem
991 3436 1253 3520 referri,
1310 3445 1412 3518 ut,
1472 3458 1637 3524 quae
1693 3436 1928 3501 litteris
1985 3438 2337 3503 maioribus
2394 3437 2725 3502 exaranda
2769 3448 2976 3520 erant,

691 3538 898 3605 veluti
941 3537 1188 3621 titulos,
1234 3540 1469 3626 pictori
1513 3547 1739 3627 postea
1769 3538 2094 3626 explenda
2121 3539 2600 3627 relinquerent3
2645 3546 2863 3627 potest
2906 3538 2978 3601 id

691 3642 975 3728 denique
1018 3641 1181 3726 fingi
1223 3639 1363 3706 ludi
1407 3641 1866 3727 magistrorum
1912 3640 2105 3728 culpa
2135 3652 2199 3707 et
2234 3640 2700 3729 discipulorum
2730 3639 2982 3703 factum

694 3765 866 3825 esse,
912 3753 986 3808 ut
1030 3742 1186 3807 dum
1230 3742 1300 3805 in
1343 3743 1684 3807 sententiis
1729 3742 2272 3829 interpretandis,
2321 3742 2791 3824 describendis,
2840 3740 2980 3805 edi-

695 3844 952 3911 scendis
1008 3842 1362 3928 desudant,
1421 3866 1648 3909 versus
1695 3846 1872 3933 ipsos
1917 3846 2129 3931 magis
2174 3853 2475 3909 curarent
2518 3865 2712 3929 quam
2756 3851 2983 3908 aucto-

692 3968 830 4011 rem
859 3939 1124 4011 aliu'nde
1153 3968 1384 4034 parum
1413 3955 1658 4012 notum.
1734 3946 1866 4012 Sed
1907 3946 2164 4013 facilior
2194 3945 2544 4035 explicatio
2575 3946 2646 4009 in
2675 3955 2984 4032 promptu

695 4059 812 4114 est.
887 4049 1053 4114 Cum
1097 4049 1271 4111 enim
1314 4051 1634 4135 posterior
1678 4050 2145 4113 sententiarum
2175 4069 2324 4137 pars
2355 4048 2736 4130 interiisset,
2781 4046 2984 4110 aliae-

694 4173 819 4239 que
865 4172 949 4214 ex
991 4149 1160 4215 libro
1206 4149 1288 4213 de
1330 4150 1621 4215 moribus
1666 4151 1735 4216 in
1780 4173 2000 4215 earum
2043 4150 2260 4215 locum
2303 4159 2520 4214 essent
2560 4149 2985 4233 substitutae,

694 4275 888 4340 quem
940 4252 1183 4317 librum
1239 4251 1372 4316 iam
1427 4260 1615 4316 sexto
1660 4261 1808 4340 post
1854 4251 2188 4317 Christum
2230 4250 2487 4317 saeculo
2533 4250 2818 4316 Senecae
2861 4274 2984 4317 no-

694 4357 870 4420 mine
935 4355 1122 4419 citari
1191 4353 1414 4420 docuit
1470 4353 1789 4436 HaasiuS,
1854 4355 1923 4417 in
1977 4352 2250 4440 praefat.
2306 4352 2392 4416 ad
2450 4352 2598 4417 Sen.
2661 4352 2791 4415 vol.
2849 4351 2987 4418 ΙΙΙ.

695 4479 804 4545 pg.
850 4456 1020 4539 XX,
1077 4453 1367 4543 proclive
1426 4478 1581 4520 sane
1633 4457 1761 4521 fuit
1812 4455 2037 4521 relicto
2082 4454 2367 4520 Publilio
2412 4452 2496 4517 ad
2543 4475 2684 4517 eam
2729 4454 2986 4541 opinio-
