3209 5184
550 440 589 502 6
1419 451 1970 502 PRoLEeoMENA.

549 607 741 696 plane
785 606 1078 672 diversos
1120 629 1161 670 a
1204 607 1440 671 ceteris
1486 606 1860 672 comoediae
1916 606 2301 691 generibus,
2360 628 2508 671 cum
2554 617 2618 672 et
2661 609 2836 673 iusto

551 709 811 773 fabulae
854 717 1238 793 argumento
1286 719 1600 790 carerent,
1648 729 1769 771 nec
1813 709 1882 772 in
1925 708 2306 772 universum
2351 709 2419 780 in
2463 731 2700 773 scaena
2731 712 2840 795 agi

553 810 853 876 solerent.
941 810 1148 873 Immo
1208 831 1373 896 quae
1428 808 1511 872 de
1565 808 1699 874 illis
1745 830 2111 874 scurrarum
2155 810 2448 875 artificiis
2494 813 2840 875 memoriae

552 912 813 1000 prodita
866 920 1049 993 sunt,
1107 911 1268 975 satis
1325 909 1659 975 declarant
1701 912 1772 975 in
1815 912 2180 975 exercenda
2221 922 2361 977 arte
2405 913 2667 977 mimica
2709 937 2841 979 non

552 1014 754 1079 fuisse
798 1013 1009 1078 locum
1053 1013 1183 1077 nisi
1226 1013 1341 1076 uni
1384 1012 1611 1077 actori.
1700 1012 1811 1077 Sic
1840 1011 2130 1077 Eudicos
2175 1013 2526 1100 pugileset
2562 1015 2840 1080 athletas

553 1115 798 1180 imitari
842 1113 1093 1179 solebat
1136 1113 1408 1200 (Athen.
1446 1116 1503 1196 1,
1539 1114 1618 1178 19
1646 1113 1766 1198 Ε),
1805 1115 1900 1178 sic
1934 1113 2235 1179 Oenonas
2266 1114 2513 1180 Ulixen
2555 1138 2672 1203 per
2701 1116 2837 1183 lon·

554 1239 672 1302 gos
729 1237 978 1280 errores
1036 1217 1236 1302 patrii
1291 1215 1605 1280 sermonis
1662 1214 1938 1285 oblitum
1990 1226 2055 1281 et
2110 1217 2390 1282 barbara
2446 1218 2840 1305 loquentem,

556 1319 652 1383 sic
694 1314 1553 1381 Theodorus‘trochlearum
1599 1317 1917 1402 crepitum
1970 1316 2170 1402 (Plut.
2219 1317 2300 1382 de
2342 1319 2493 1383 aud.
2538 1330 2710 1406 poet.
2764 1321 2842 1385 18

556 1419 676 1504 Β),
734 1418 829 1482 sic
870 1417 1238 1483 Parmenon
1282 1440 1461 1482 suem
1504 1417 1963 1503 grundientem
2009 1418 2211 1504 (Plut.
2258 1432 2506 1506 quaest.
2553 1445 2842 1509 sympoS.

554 1521 681 1586 674
700 1520 780 1602 B,
813 1520 1251 1605 Paroemiogr.
1282 1522 1522 1606 graeci,
1557 1520 1659 1585 ed.
1679 1520 1991 1603 Leutsch,
2014 1522 2294 1608 append.
2319 1521 2411 1586 II.
2430 1524 2535 1605 87,
2561 1523 2843 1588 Phaedr.

555 1621 685 1686 fab.
727 1622 791 1703 5,
835 1620 928 1705 5),
973 1621 1071 1685 sic
1115 1623 1313 1686 etiam
1358 1622 1616 1687 saeculo
1662 1632 1891 1710 quarto
1937 1646 2000 1709 p.
2051 1622 2202 1688 Chr.
2249 1633 2530 1688 exeunte
2573 1625 2837 1690 Marcus

556 1722 823 1811 quidam
867 1721 1360 1809 quadrupedum
1403 1733 1468 1789 et
1493 1725 1718 1788 avium
1746 1745 1943 1789 voces
1972 1733 2140 1789 teste
2169 1725 2467 1791 Ausonio
2501 1728 2705 1814 epigr.
2741 1728 2844 1792 76.

554 1825 749 1905 Mitto
792 1823 984 1888 alios:
1034 1847 1184 1888 nam
1212 1824 1685 1890 interciderunt
1713 1826 1995 1907 nomina,
2040 1835 2115 1891 ut
2157 1825 2333 1891 illius
2349 1878 2366 1905 ,
2411 1831 2521 1910 qui
2551 1832 2878 1911 primum·

556 1928 795 1992 invenit
835 1927 1180 1991 causidicos
1221 1928 1471 1991 imitari
1516 1927 1742 2012 (Jahn,
1788 1949 1963 2014 spec.
2011 1918 2324 2014 epigrfp.
2370 1929 2477 2010 38,
2523 1929 2606 1992 N.
2658 1931 2833 2015 107),

559 2026 668 2092 vel
724 2027 836 2113 qui
894 2026 1108 2091 ebrios
1154 2026 1425 2112 (Athen.
1479 2027 1585 2111 14,
1633 2028 1791 2111 621,
1838 2028 1944 2113 C).
2033 2028 2138 2111 Cf.
2184 2029 2412 2093 Jahnii
2456 2030 2709 2116 Proleg.
2753 2033 2842 2096 ad

557 2129 856 2193 Persium
886 2152 995 2215 pg.
1025 2129 1399 2194 LXXXIV
1428 2152 1571 2217 sqq.
1603 2139 1669 2195 et
1697 2128 1977 2216 Grysari
2005 2129 2299 2195 libellum
2343 2131 2485 2196 ‘der
2522 2133 2847 2198 romische

557 2231 828 2297 Mimus’
874 2253 982 2318 pg.
1031 2232 1067 2296 7
1098 2252 1241 2318 sqq.
1330 2230 1466 2313 Qui
1508 2231 1628 2297 tali
1672 2232 1864 2296 modo
1907 2233 2112 2296 risum
2157 2232 2532 2316 movebant,
2580 2238 2847 2323 proprie

560 2332 948 2397 dicebantur
989 2335 1254 2399 mimum
1295 2356 1510 2417 ayere;
1553 2335 1736 2399 mimi
1771 2333 1932 2398 dicti
1962 2343 2115 2399 sunt
2146 2344 2211 2399 et
2242 2357 2505 2400 scurrae
2536 2345 2602 2400 et
2631 2338 2847 2423 ipsum

560 2432 911 2522 spectaculi
953 2455 1188 2518 genus:
1239 2433 1355 2500 sed
1397 2458 1752 2525 numquam
1796 2435 2040 2521 singuli
2084 2458 2316 2501 versus
2360 2438 2704 2503 mimorum
2732 2462 2845 2505 no-

561 2558 710 2600 men
765 2534 1154 2600 habuerunt.
1242 2535 1519 2617 MimuS,
1578 2546 1653 2602 ut
1706 2537 1800 2601 ait
1843 2537 2197 2602 Diomedes
2256 2541 2351 2625 (p.
2396 2539 2555 2622 491,
2607 2540 2684 2605 13
2727 2541 2847 2624 Κ.)

559 2643 647 2703 est
684 2638 988 2702 sermonis
1030 2638 1352 2703 cuiuslibet
1390 2644 1449 2704 et
1489 2643 1691 2704 motus
1730 2641 1868 2705 sine
1909 2642 2273 2718 reverentia,
2317 2642 2412 2706 vel
2433 2640 2750 2722 factorum
2778 2649 2838 2707 et

560 2739 942 2825 [dictorum]
995 2740 1278 2822 turpium
1331 2761 1472 2805 cum
1529 2741 1792 2807 lascivia
1844 2743 2150 2821 imitatio;
2213 2744 2492 2824 παίγνια
2554 2743 2843 2830 appellat

561 2839 947 2907 Plutarchus
993 2850 1241 2927 quaest.
1272 2863 1559 2928 sympos.
1594 2843 1655 2923 7,
1687 2842 1751 2925 8,
1781 2842 1845 2906 4.
1933 2842 2203 2908 Scurras
2234 2843 2427 2909 modo
2467 2844 2538 2908 in
2567 2846 2848 2929 circuIiS,

561 2942 865 3007 adstante
922 2941 1262 3029 plebecula
1316 2942 1660 3029 spectandi
1712 2943 1985 3031 cupida,
2040 2954 2249 3009 artem
2301 2944 2623 3011 ludicram
2666 2970 2851 3014 exer-

458 3098 465 3105 ,
564 3046 799 3127 cuisse,
844 3045 1035 3109 modo
1079 3046 1150 3108 in
1193 3046 1518 3110 conviviis
1564 3046 1846 3111 divitum
1891 3068 2038 3110 cum
2079 3067 2196 3133 per
2223 3068 2294 3110 se
2323 3058 2849 3132 consentaneum,

542 3157 705 3223 ,tum
767 3146 1226 3212 nonnullorum
1296 3156 1635 3212 auctorum
1704 3149 2095 3213 testimoniis
2162 3149 2653 3235 comprobatum
2719 3160 2852 3234 est3

566 3247 816 3313 Sullam
858 3248 1178 3334 imprimis
1221 3248 1415 3312 huius
1459 3249 1713 3313 farinae
1756 3251 1972 3314 mimis
2003 3259 2068 3315 et
2098 3249 2541 3316 saltatricibus
2572 3251 2848 3316 delecta·

563 3359 703 3414 tum
747 3370 890 3413 esse
930 3358 1157 3413 auctor
1202 3360 1303 3414 est
1344 3348 1735 3414 Plutarchus
1779 3351 1849 3414 in
1892 3353 2033 3416 vita
2075 3351 2317 3435 Sullae,
2364 3373 2507 3438 cap.
2553 3355 2594 3418 2
2638 3364 2704 3418 et
2744 3354 2850 3418 36.

566 3450 751 3516 Haec
795 3451 1108 3516 hactenus
1144 3452 1227 3516 de
1254 3450 1459 3517 altero
1490 3453 1834 3516 mimorum
1860 3474 2121 3538 genere,
2167 3452 2342 3540 quod
2371 3456 2634 3541 proprie
2665 3465 2854 3520 extra

566 3576 866 3620 scaenam
907 3554 1244 3639 agebatur.
2515 3638 2534 3643 q

734 3656 964 3741 Neque
1007 3665 1228 3720 tamen
1270 3652 1640 3721 mirandum
1680 3665 1780 3721 est
1822 3656 1893 3720 in
1935 3656 2190 3722 theatra
2232 3680 2488 3745 quoque
2529 3659 2853 3724 admissos

567 3779 710 3822 esse
750 3758 1008 3841 mimos»,
1052 3757 1168 3822 ubi
1210 3767 1325 3821 aut
1354 3756 1620 3822 embolii
1648 3769 1763 3823 aut
1792 3758 2016 3824 exodii
2047 3759 2194 3823 vice
2221 3760 2666 3845 fungerentur.
2741 3759 2844 3825 Of.

566 3859 718 3924 Liv.
766 3860 835 3939 7,
880 3858 954 3941 2,
1006 3860 1105 3922 11.
1192 3858 1336 3922 Iam
1392 3858 1498 3923 fac
1554 3858 1688 3944 illi,
1744 3861 1856 3946 qui
1910 3860 2230 3924 muliones
2286 3862 2529 3927 imitari
2581 3862 2853 3945 solebat,

568 3962 859 4045 (Petron.
904 3959 1041 4025 Sat.
1087 3960 1200 4045 68)
1257 3970 1516 4046 praesto
1559 3961 1768 4026 fuisse
1810 3961 2090 4044 mulum,
2147 3960 2253 4025 fac
2296 3960 2427 4043 illi,
2486 3964 2600 4050 qui
2645 3965 2850 4028 causi-

568 4061 749 4127 dicos
793 4060 1289 4146 ludificabatur,
1347 4061 1720 4145 adstitisse,
1767 4085 1960 4150 quem
2001 4084 2241 4149 magna
2284 4085 2444 4129 voce
2489 4066 2856 4152 increparet

571 4164 678 4228 vel
738 4165 852 4251 qui
906 4164 1197 4227 accusati
1241 4172 1461 4251 partes
1504 4174 1761 4250 ageret:
1819 4186 1902 4229 en
1943 4165 2115 4228 iacta
2158 4175 2310 4229 sunt
2351 4166 2542 4231 initia
2586 4165 2854 4252 dialogi,

570 4267 684 4353 qui
728 4267 872 4352 ipse
915 4265 1230 4330 dramatis
1276 4266 1462 4352 quasi
1504 4265 1653 4331 fons
1698 4288 1843 4332 esse
1886 4276 2064 4331 recte
2104 4266 2455 4332 iudicatur.
2532 4268 2684 4332 Huc
2714 4290 2856 4354 per·

570 4369 765 4449 tinet,
825 4368 1003 4455 quod
1055 4366 1434 4432 Athenaeus
1496 4367 1606 4450 10,
1651 4366 1779 4432 452
1832 4367 1890 4431 F
1947 4368 2245 4433 narravit
2297 4370 2381 4433 de
2435 4369 2857 4435 Ischomacho

569 4470 801 4535 mimo:
846 4471 1175 4536 imitatum
1218 4492 1367 4536 eum
1411 4492 1554 4536 esse
1596 4468 1924 4538 hominem
1967 4471 2284 4538 rusticum
2329 4473 2482 4538 vino
2521 4470 2859 4560 epulisque
