3209 5184
617 468 701 537 36
1486 484 2033 551 PRoLEeoMENA.

619 640 785 721 Quis
831 661 987 703 vero
1030 622 1230 704 fuerit
1272 646 1489 724 poeta,
1535 639 1720 703 cuius
1767 660 1853 702 ex
1896 637 2081 704 libris
2126 638 2413 701 incertus
2456 638 2610 703 libri
2655 638 2736 703 de
2764 663 2902 705 mo-

613 742 797 806 ribus
851 749 1077 804 auctor
1132 737 1442 804 nonnulla
1494 738 1888 825 desumpsit,
1944 749 2018 803 ut
2060 740 2379 805 incertum
2424 749 2556 823 est,
2613 743 2706 804 ita
2751 764 2903 805 eum

613 866 744 909 non
788 843 995 907 fuisse
1039 840 1392 905 Publilium
1435 840 1764 904 affirmare
1807 839 1979 904 licet.
2070 838 2284 919 Quid!
2339 842 2513 927 quod
2559 836 2901 929 segcento-

613 968 755 1010 rum
815 955 880 1008 et
933 943 1105 1030 quod
1172 943 1460 1007 excurrit
1523 964 1863 1024 versuum,
1932 942 2433 1027 quos,Publilio
2501 945 2904 1009 vindicaturi

615 1070 867 1128 summ,
924 1067 1006 1110 ne
1062 1068 1227 1109 unus
1284 1044 1547 1130 quidem
1603 1045 1674 1107 in
1727 1042 1896 1107 libro
1955 1043 2037 1106 de
2079 1044 2374 1110 moribus
2419 1045 2690 1130 legitur,
2754 1069 2902 1128 nec,

614 1147 789 1236 quod
859 1148 1085 1212 eodem
1147 1146 1352 1229 redit,
1419 1145 1955 1209 Pseudosenecac
2011 1147 2477 1210 sententiarum
2537 1147 2670 1212 ulla
2726 1149 2904 1212 inter

614 1248 1039 1315 Publilianas.
1129 1247 1259 1314 Sed
1306 1247 1387 1310 de
1432 1245 1759 1335 opusculis
1806 1249 2242 1331 sententiosiS,
2290 1269 2456 1334 quae
2499 1250 2904 1314 incertorum

615 1360 765 1417 sunt
815 1359 1186 1431 auctorum,
1242 1349 1349 1413 hic
1402 1371 1533 1414 non
1577 1357 1678 1412 est
1733 1346 1994 1412 dicendi
2038 1347 2250 1413 locus:
2308 1350 2603 1433 interim,
2661 1352 2718 1414 si
2762 1373 2902 1415 mo-

614 1475 815 1519 nuero
871 1451 1041 1516 libro
1097 1450 1180 1514 de
1231 1449 1519 1534 moribus
1574 1448 1821 1513 nullam
1876 1471 2139 1536 prorsus
2197 1451 2603 1516 intercedere
2660 1475 2900 1538 cogna-

611 1556 854 1620 tionem
899 1575 1046 1618 cum
1090 1553 1430 1617 sententiis
1474 1549 1891 1634 Publilianis‚
1938 1573 2170 1617 causae
2212 1575 2397 1616 meae
2440 1556 2599 1619 satis
2631 1577 2901 1641 prospe-

612 1658 793 1722 xisse
835 1655 998 1720 mihi
1041 1654 1291 1718 videor.

781 1759 851 1843 2)
897 1756 1012 1821 De
1078 1754 1517 1823 sententiis
1584 1756 1665 1818 in
1730 1754 2147 1820 codicibus
2221 1759 2704 1844 praesertim
2768 1779 2899 1822 re-

613 1856 1114 1923 centioribus
1161 1855 1375 1921 falso
1420 1855 1920 1921 Publilianis
1965 1858 2330 1923 insertiS.

783 1960 1053 2024 Praeter
1109 1956 1630 2045 supplementum
1687 1956 2049 2022 litterarum
2093 1959 2334 2040 N—V‚
2394 1959 2477 2024 de
2533 1984 2659 2048 quo
2703 1960 2901 2026 modo

612 2060 817 2126 verba
873 2061 1176 2142 fecimus,
1242 2057 1373 2122 alia
1427 2081 1683 2145 quoque
1739 2082 1778 2122 a
1834 2059 2118 2125 Publilio
2173 2063 2402 2149 utique
2456 2061 2903 2126 abiudicanda

608 2164 1075 2244 adhaeserunt,
1125 2182 1270 2224 rara
1313 2159 1426 2224 illa
1468 2161 1538 2223 in
1584 2160 1920 2224 codicibus
1964 2165 2453 2246 vetustissimiS‚
2502 2164 2899 2250 frequentis-

610 2266 775 2329 sima
816 2265 885 2327 in
930 2262 1119 2329 codd.
1164 2261 1406 2326 saeculi
1436 2260 1627 2326 XIV.
1696 2262 2149 2350 Excipiendus
2193 2264 2473 2330 fortasse
2515 2275 2579 2329 et
2610 2264 2899 2331 Publilio

608 2364 1045 2429 vindicandus
1088 2386 1153 2427 v.
1200 2363 1324 2428 638
1369 2364 1439 2426 in
1482 2362 1622 2428 solo
1668 2364 1892 2428 codice
1936 2386 2018 2446 π,
2076 2366 2193 2429 sed
2236 2367 2486 2432 medius
2533 2369 2705 2431 inter
2748 2390 2898 2431 ver-

608 2489 718 2531 sus
750 2464 1156 2531 Publilianos
1202 2475 1537 2530 servatus:
1584 2463 1787 2528 multo
1834 2475 2009 2530 certe
2053 2470 2413 2553 suspectior
2443 2478 2543 2532 est
2572 2470 2902 2533 sententia

610 2568 821 2632 codici
868 2567 934 2631 R
976 2568 1046 2630 in
1090 2588 1338 2630 summa
1382 2566 1622 2651 pagina
1665 2574 1814 2653 post
1857 2588 1923 2630 v.
1968 2568 2093 2632 326
2136 2571 2496 2634 recentiore
2538 2592 2736 2634 manu
2779 2571 2899 2634 ad-

610 2671 883 2757 scripta:

848 2787 859 2795 ·
904 2778 1165 2836 Multum
1207 2781 1288 2835 est
1331 2775 1563 2847 difficile
1602 2778 1815 2851 servire
1855 2779 1978 2852 reyi
2019 2778 2233 2851 absque
2275 2781 2582 2839 commode.

612 2912 805 2977 quam
847 2889 1025 2956 nolui
1068 2889 1304 2953 iambis
1350 2887 1657 2954 donatam

905 3016 1167 3074 meltum
1209 3018 1291 3073 est
1333 3013 1566 3085 difficile
1607 3014 1819 3072 servire
1861 3014 2075 3087 absque
2115 3018 2473 3077 incommodo

607 3127 715 3191 vel
759 3129 827 3191 in
870 3127 1210 3193 trochaeos
1255 3126 1587 3190 redactam
1631 3127 1803 3190 inter
1846 3124 2247 3192 Publilianas
2291 3131 2605 3216 recipere.

777 3245 918 3309 Iam
972 3266 1130 3309 vero
1186 3266 1352 3331 quae
1405 3234 1476 3307 in
1528 3243 1798 3330 reliquis
1853 3244 2189 3311 codicibus
2242 3258 2692 3332 accesserunt,
2759 3273 2900 3315 non

606 3347 812 3413 solum
877 3347 1310 3433 suspicionem
1369 3354 1666 3425 movent,
1733 3344 1851 3409 sed
1906 3347 2304 3411 confidenter
2366 3349 2663 3414 eicienda
2716 3363 2899 3434 sunt,

603 3459 948 3537 propterea
1010 3446 1184 3535 quod
1248 3445 1768 3534 interpolationis
1822 3448 2140 3532 originem
2194 3451 2448 3536 aperire
2504 3451 2899 3516 facillimum

605 3563 725 3616 est.
814 3552 1045 3636 Itaque
1089 3569 1642 3636 supervacaneum
1687 3546 1903 3611 videri
1946 3558 2166 3635 posset
2198 3572 2308 3615 eas
2340 3555 2699 3617 sententias
2733 3575 2894 3618 enu-

602 3674 873 3734 merare,
919 3653 1052 3715 nisi
1091 3650 1362 3716 multum
1406 3652 1752 3715 interesset
1796 3649 2276 3733 demonstrare,.
2305 3675 2499 3739 quam
2529 3653 2659 3719 late
2688 3657 2897 3721 inter-

603 3752 950 3839 polationis
1005 3753 1209 3839 pestis
1272 3762 1569 3837 grassata
1624 3754 1742 3835 sit,
1811 3773 1895 3814 ne
1947 3754 2216 3836 gravius
2275 3754 2359 3817 de
2413 3755 2896 3842 multiplicibus

602 3853 923 3919 editorum
991 3851 1317 3917 erroribus
1381 3852 1698 3917 iudicium
1761 3853 2067 3917 feramus.
2166 3855 2266 3918 Ac
2326 3860 2744 3944 persequenti
2803 3861 2896 3924 ad

584 3966 964 4042 temporum
1009 3952 1299 4018 ordinem
1345 3951 1864 4039 interpolationis
1909 3956 2098 4019 initia
2130 3979 2647 4045 progressusque
2677 3963 2896 4047 primo

602 4058 741 4121 loco
786 4054 1382 4122 commemorandus
1429 4064 1527 4119 est
1571 4055 1784 4119 codex
1811 4054 2216 4139 Basiliensis‚
2262 4058 2330 4122 in
2362 4081 2490 4144 quo
2519 4072 2674 4126 ante
2703 4085 2770 4127 v.
2805 4066 2897 4129 25

600 4161 669 4223 in
713 4158 934 4223 infimo
977 4157 1272 4241 margine
1313 4154 1541 4221 addita
1582 4166 1735 4221 sunt
1777 4178 1900 4223 rec.
1943 4180 2172 4223 manu:

686 4283 911 4343 Arcum
954 4283 1197 4341 intensio
1237 4281 1492 4356 summi,
1537 4282 1804 4341 aninmm
1846 4285 2122 4343 remissio,

685 4384 921 4444 Amicos
960 4384 1245 4443 secundae
1284 4401 1377 4441 res
1419 4385 1628 4455 (ultime
1659 4388 1903 4455 parant,
1948 4386 2222 4443 adversae
2263 4390 2572 4448 certissime
2603 4391 2891 4465 probant.

600 4496 985 4583 deprompta
1029 4495 1142 4559 illa
1185 4518 1268 4559 ex
1296 4494 1828 4559 Pseudosenecae
1857 4493 2024 4562 libro
2055 4497 2138 4561 de
2167 4500 2481 4585 moribus,
2528 4507 2569 4584 ἓ
2605 4506 2747 4569 138.
2778 4509 2893 4572 51.
