3209 5184
1123 463 1667 513 PROLEGOMENA.
2471 452 2555 542 55⁵3

497 794 634 878 VI.
732 792 853 876 De
912 792 1232 876 Publilii
1295 793 1690 878 sententiis
1757 794 2294 899 emendandis.

417 992 513 1055 Ut
545 991 710 1056 Cato
742 992 1022 1078 primum
1052 995 1293 1057 oratori
1323 1003 1743 1080 praeceptum
1773 995 2112 1080 proposuit
2155 994 2342 1059 ‘Rem
2373 1005 2545 1079 tene,

244 1093 453 1157 verba
497 1100 902 1180 sequentur',
948 1095 1041 1157 ita
1085 1094 1366 1181 primum
1411 1095 1622 1158 critici
1666 1095 1957 1160 officium
1987 1104 2106 1177 est,
2154 1099 2546 1162 sententiam

241 1206 568 1284 spectare,
617 1206 682 1259 et
726 1195 886 1282 quid
930 1195 1062 1259 dici
1108 1194 1438 1276 debuerit,
1488 1196 1648 1282 quid
1692 1198 2001 1284 potuerit,
2049 1197 2209 1284 quid
2253 1221 2384 1263 non
2428 1224 2542 1287 po·-
2635 1218 2640 1223 ·

239 1299 476 1381 tuerit,
549 1296 1052 1382 diligentissime
1122 1298 1557 1362 considerare.
1649 1297 1829 1363 Solet
1895 1307 2113 1362 tamen
2167 1300 2343 1369 haud
2397 1302 2545 1366 leve
2651 1388 2656 1393 ἱ

238 1399 560 1463 accedere
613 1397 1116 1481 adminiculum,
1188 1421 1335 1462 cum
1391 1399 1565 1485 quod
1620 1423 1819 1463 unum
1876 1402 2215 1489 scriptoris
2275 1404 2544 1471 consilio

236 1501 643 1588 respondere
687 1502 1123 1587 perspexelis,
1170 1500 1238 1565 id
1269 1511 1444 1565 recte
1475 1522 1546 1565 se
1576 1501 1816 1567 habere
1861 1504 2360 1588 argumentis
2407 1527 2541 1591 pa-

238 1602 849 1689 laeographicis
911 1600 1019 1664 vel
1086 1603 1452 1668 metricis
1519 1601 1627 1665 vel
1695 1625 1788 1684 ex
1856 1603 2187 1670 dicendi
2251 1628 2543 1691 genere

236 1706 533 1792 petitis
591 1704 1001 1790 comprobari
1056 1704 1284 1791 possit.
1378 1702 1794 1790 Quamquam
1838 1706 2041 1790 igitur
2086 1705 2212 1772 duo
2257 1705 2538 1794 plerum-

238 1829 369 1894 que
425 1805 531 1870 vel
585 1805 773 1893 plura
833 1807 1030 1901 etiam
1074 1805 1321 1870 indicia
1366 1804 1758 1869 emendandi
1804 1808 1978 1870 viam
2022 1818 2416 1893 monstrant,
2477 1820 2543 1874 et

232 1907 518 1972 alterum
562 1930 680 1995 per
724 1929 793 1971 se
836 1924 966 1972 non
1010 1909 1170 1972 satis
1215 1917 1466 1971 certum
1493 1905 1761 1970 alterius
1791 1907 2040 1975 auxilio
2073 1909 2346 1995 indiget,
2393 1911 2531 1998 pla-

235 2011 378 2075 cuit
421 2020 644 2074 tamen
688 2010 961 2075 seorsim
1007 2007 1265 2093 singula
1312 2031 1610 2096 quaeque
1655 2010 2074 2098 perlustrare.

418 2112 485 2194 1)
529 2111 802 2193 Libros,
860 2110 1034 2174 unde
1092 2110 1346 2174 codices
1393 2133 1433 2174 a
1475 2111 1665 2176 nobis
1724 2110 1946 2176 collati
1978 2111 2320 2200 'descripti
2366 2124 2537 2199 sunt,

234 2216 374 2278 iam
421 2214 600 2299 ipsos
663 2212 899 2276 litteris
951 2211 1433 2297 longobardicis
1495 2222 1794 2278 exaratos
1852 2213 2087 2296 fuisse,
2145 2212 2537 2301 frequentis-

237 2316 407 2378 sima
450 2313 817 2378 litterarum
860 2336 897 2378 r
943 2324 1007 2378 et
1048 2335 1081 2379 s
1126 2314 1421 2377 confusio
1454 2313 1817 2379 luculenter
1848 2314 2272 2380 demonstrat.
2347 2317 2535 2386 Ridi-

236 2415 384 2480 cula
445 2437 650 2502 paene
704 2416 962 2480 librarii
1015 2416 1562 2500 Rheinaugiensis
1619 2417 1689 2479 in
1744 2439 1814 2480 re
1871 2439 2077 2504 prava
2138 2420 2534 2484 constantia:

236 2520 354 2605 qui
399 2540 548 2581 cum
591 2540 656 2584 V.
696 2519 769 2603 17
813 2539 1045 2596 suntor,
1099 2518 1175 2582 18
1206 2520 1567 2598 emtorquesi,
1618 2517 1701 2582 86
1729 2520 1804 2583 in
1843 2540 1907 2583 se
1952 2521 2233 2599 adversa,
2284 2521 2388 2584 88.
2432 2522 2534 2586 91.

236 2621 344 2685 96.
397 2620 538 2685 123.
590 2620 731 2682 131.
782 2620 903 2683 180
959 2618 1201 2684 similia
1257 2621 1663 2706 scripsisset,
1723 2643 1880 2684 mox
1934 2619 2265 2687 intellecto
2322 2644 2538 2688 errore

236 2745 324 2786 ex
356 2720 702 2807 Charybdi
746 2722 812 2783 in
848 2719 1134 2808 Scyllam
1165 2720 1459 2784 incidens
1494 2723 1819 2786 contraria
1848 2722 2317 2788 vocabulorum
2347 2747 2529 2790 mon-

235 2833 374 2887 stra
418 2820 712 2910 protulit,
759 2844 839 2915 V:
861 2823 981 2886 138
1024 2825 1253 2901 eber-re,
1305 2822 1423 2886 188
1467 2824 1633 2895 ruba
1674 2828 1898 2906 speetu,
1944 2824 2065 2888 251
2109 2826 2363 2905 hortem,
2410 2826 2538 2891 254

237 2926 645 3002 criminora)
678 2924 804 2989 256
848 2924 1215 2989 calamitoro
1262 2932 1384 2987 etc.
1477 2922 1698 3003 Quare
1754 2926 1824 2987 in
1875 2946 2073 2989 versu
2115 2927 2238 2991 527
2285 2927 2536 2993 in'solo

240 3026 412 3091 Fris.
459 3034 721 3091 servato

438 3244 463 3263 Ι
573 3169 688 3242 Qui
719 3171 855 3240 pote
898 3169 1200 3263 eonsilium
1241 3167 1458 3243 fuyere,
1501 3187 1704 3242 sapere
1745 3170 1899 3228 idem
1930 3173 2123 3242 potest

238 3325 429 3380 aucta
473 3314 907 3402 oppositionis
954 3314 1024 3376 vi
1055 3313 1498 3400 reponendum
1533 3316 2064 3381 existimavimus
2083 3339 2325 3400 rapere.
2393 3318 2531 3383 Cfr.

240 3417 432 3481 Caec.
466 3415 654 3480 Balb.
687 3438 751 3502 p.
784 3416 887 3497 38,
921 3418 1304 3480 occasionem
1347 3438 1477 3481 non
1519 3419 1738 3500 accipi,
1785 3419 1895 3482 sed
1936 3421 2087 3500 rapi
2131 3419 2359 3499 debere,
2379 3419 2436 3484 -J
2442 3419 2529 3484 ul.

239 3518 518 3605 Capitol.
575 3518 757 3582 Max.
820 3526 884 3581 et
938 3515 1129 3581 Balb.
1168 3517 1230 3601 2
1284 3520 1549 3585 consilia
1601 3521 1915 3601 rapienda
1967 3540 2095 3583 non
2151 3523 2530 3605 quaerenda,

236 3620 398 3684 Hor.
445 3619 659 3705 Epod.
712 3620 812 3700 13,
856 3619 919 3681 4.
968 3617 1120 3683 Sen.
1170 3620 1358 3705 epist.
1408 3619 1512 3701 70,
1558 3620 1664 3684 24.

407 3719 605 3801 Quod
648 3720 737 3785 ad
781 3722 1143 3808 scripturae
1188 3721 1571 3807 compendia
1614 3722 1881 3803 attinet,
1944 3720 2257 3809 plurimas
2303 3725 2530 3792 turbas
2574 3804 2580 3811 ,

237 3825 443 3889 movit
485 3844 659 3908 apex
701 3821 845 3903 ille,
894 3845 1020 3909 quo
1063 3820 1323 3909 syllaba
1366 3846 1448 3887 ur
1491 3823 1925 3909 significatur,
1975 3846 2079 3893 ex.
2124 3848 2224 3910 gr.
2269 3827 2529 3893 v.-423.

238 3924 435 3988 Haud
492 3947 640 3988 raro
696 3925 901 4009 igitur
958 3926 1263 4010 passivae
1308 3924 1657 3989 verborum
1701 3925 1947 3992 formae
1993 3937 2328 3992 cesserunt
2369 3930 2528 3993 acti-

237 4028 373 4108 vis,
429 4038 543 4091 aut
597 4028 867 4092 activae
913 4048 1136 4089 rursus
1183 4026 1577 4113 depravatae
1624 4036 1775 4091 sunt
1819 4029 1889 4091 in
1933 4031 2263 4133 passivas,
2323 4030 2530 4095 veluti

238 4150 302 4191 v.
342 4129 490 4192 478.
536 4129 685 4194 448.
774 4127 1143 4216 Aliquoties
1189 4151 1271 4193 ur
1322 4128 1550 4192 abiit
1532 4152 1602 4192 m
1645 4131 1752 4193 uir
1801 4128 1909 4192 vel
1952 4130 2040 4195 ui.
2130 4130 2212 4194 V.
2258 4132 2381 4195 521
2428 4133 2525 4195 vi-

235 4230 408 4294 tiosa
461 4229 705 4295 codicis
750 4229 823 4293 F
858 4232 1182 4316 scriptura
1237 4232 1620 4314 eontinyitur
1669 4231 1824 4294 inde
1869 4210 2010 4295 orta
2054 4253 2197 4294 esse
2241 4231 2524 4316 videtur,

236 4329 414 4417 quod
456 4332 527 4394 in
569 4324 925 4419 archetypo
972 4333 1288 4418 scriptum
1333 4333 1461 4396 fuit

687 4491 852 4567 Quod
892 4492 990 4550 vix
1032 4493 1326 4567 eontinqit,
1372 4493 1429 4550 vi
1468 4492 1816 4566 voluptatem
1846 4494 2033 4567 parit,
