3209 5184
622 524 746 591 120
1407 541 1844 591 senmurum
1890 541 2112 592 FALso

781 695 1031 759 Auctor-
1073 694 1281 759 malus
1327 694 1435 759 vel
1476 716 1616 758 rem
1663 694 1896 759 bonam
1942 703 2195 782 turpem
2240 694 2420 761 facit.

782 797 1117 861 Audacter
1171 805 1517 861 veteranus
1575 818 1873 861 cruorem
1929 804 2263 884 expectat,
2320 797 2431 883 qui
2476 798 2600 862 scit
2644 821 2715 864 se
2759 822 2901 864 sae-

1705 898 1974 985 pissime
2017 898 2259 962 vicisse
2302 908 2450 984 post
2493 901 2900 985 sanguinem.

781 997 1107 1065 Audendo
1152 999 1362 1065 virtus
1408 1001 1665 1083 crescit,
1710 998 2030 1065 tardando
2074 1000 2287 1064 timor.

656 1107 741 1167 40
784 1100 1033 1166 Audire
1076 1100 1264 1165 malis
1310 1122 1504 1187 quam
1547 1098 1727 1187 loqui
1771 1099 2103 1165 libentius.

784 1201 1054 1267 Auferri
1100 1210 1164 1267 et
1206 1200 1394 1284 illud,
1441 1201 1614 1288 quod
1661 1201 1804 1265 dari
1848 1202 2082 1289 potuit,
2128 1210 2363 1288 potest.

785 1302 1233 1369 Avidissimus
1280 1303 1557 1391 quisque
1604 1311 1703 1368 est
1747 1303 2291 1389 egestosissimus.

783 1404 1142 1491 A(vi)gilia
1184 1415 1336 1470 sunt
1381 1404 1672 1469 membra
1718 1405 2114 1470 cursoribus.

783 1506 1120 1572 Auloedus
1164 1506 1301 1591 fiat,
1349 1507 1459 1593 qui
1506 1528 1650 1569 esse
1695 1506 2107 1572 citharoedus
2151 1509 2399 1594 nequit.

657 1614 738 1673 45
783 1609 964 1674 Auro
1010 1607 1324 1675 suadente
1367 1605 1461 1672 nil
1506 1616 1721 1695 potest
1767 1609 1993 1673 oratio.

782 1712 922 1775 Aut
962 1731 1228 1775 necesse
1274 1718 1372 1775 est
1415 1710 1640 1797 ipsum
1676 1718 1744 1775 te
1787 1708 1988 1775 vilem
2030 1708 2271 1774 habeas
2315 1719 2430 1776 aut
2472 1712 2832 1799 pecuniam.

783 1811 965 1877 Bello
1009 1811 1291 1898 gladius,
1339 1810 1643 1899 voluptas
1689 1832 1850 1899 pace
1895 1810 2217 1876 vulnerat.

783 1913 1154 1978 Benefactis
1199 1915 1496 2001 proxime
1539 1912 1626 1977 ad
1671 1913 1826 1979 deos
1872 1913 2267 1978 accedimus.

785 2014 1101 2079 Beneficii
1143 2036 1518 2102 numquam,
1566 2015 1695 2079 cito
1742 2013 1880 2079 dati
1926 2013 2335 2080 obliviscere.

659 2123 742 2183 50
784 2116 1182 2181 Beneficium
1227 2117 1524 2181 celeritas
1570 2116 1820 2202 gratius
1866 2115 2047 2181 facit.

788 2218 1188 2283 Beneficium
1235 2220 1454 2305 egenti
1497 2217 1604 2283 bis
1652 2217 1784 2301 dat,
1834 2217 1947 2304 qui
1993 2216 2106 2284 dat
2150 2218 2468 2285 celeriter.

784 2320 1183 2386 Beneficium
1228 2328 1329 2386 est
1371 2341 1592 2384 carere
1638 2341 1736 2404 e0,
1783 2319 2032 2385 invitus
2078 2315 2253 2407 quod
2296 2322 2655 2409 possideas.

785 2422 1183 2487 Beneficium
1227 2431 1327 2487 est
1371 2443 1627 2509 semper
1668 2421 1945 2485 reddere
1987 2421 2299 2488 bonitatis
2345 2424 2568 2489 verba.

785 2524 954 2590 Boni
998 2546 1207 2589 mores
1256 2523 1384 2589 sibi
1429 2545 1686 2611 semper
1729 2523 2057 2611 placentes
2102 2534 2503 2612 permanent.

664 2632 742 2692 55
788 2626 989 2692 Bonis
1034 2634 1244 2708 nocet,
1292 2615 1590 2713 quisquis
1634 2626 1998 2714 pepercerit
2041 2624 2252 2692 malis.

788 2728 970 2794 Bono
1015 2727 1305 2792 iustitiae
1347 2728 1650 2816 proxima
1697 2737 1796 2794 est
1840 2728 2178 2792 severitas

789 2830 1119 2895 Bonorum
1161 2828 1332 2894 ultro
1375 2828 1462 2892 ad
1507 2829 1815 2894 convivia
1856 2828 2176 2894 accedunt
2219 2829 2395 2894 boni.

790 2932 1043 2996 Bonum
1088 2939 1187 2997 est
1231 2930 1484 2995 duabus
1529 2931 1783 2996 ancoris
1829 2931 1954 2996 niti
1998 2940 2227 2995 ratem.

792 3032 1011 3097 Bonus
1055 3034 1310 3097 animus
1355 3033 1423 3096 in
1468 3030 1639 3096 mala
1681 3054 1753 3095 re
1797 3031 2142 3097 dimidium
2188 3041 2288 3098 est
2329 3032 2503 3098 mali.

669 3143 751 3200 60
793 3134 1013 3200 Bonus
1061 3155 1203 3199 esse
1246 3156 1377 3199 non
1421 3143 1636 3220 potest
1680 3133 1828 3199 aliis
1872 3134 2079 3199 malus
2128 3133 2278 3198 sibi.

794 3380 874 3438 37
922 3380 1005 3436 Gr
1035 3377 1092 3435 2.
1126 3377 1278 3439 Caec.
1310 3377 1452 3434 Balb.
1486 3378 1630 3435 Mon.
1663 3378 1764 3451 22,
1799 3378 1860 3452 5,
1891 3397 1984 3455 pg.
2018 3378 2096 3436 27
2268 3379 2348 3438 38
2393 3379 2467 3437 R.
2499 3378 2622 3435 Sen.
2656 3379 2724 3436 de
2753 3398 2917 3453 prov.

622 3465 684 3540 4,
720 3467 755 3524 7
915 3464 993 3522 39
1039 3464 1138 3521 Ps.
1172 3461 1324 3519 Caco.
1358 3461 1503 3519 Balb.
1535 3463 1678 3520 Mon.
1713 3464 1772 3536 8,
1805 3464 1866 3537 3,
1896 3481 1990 3539 pg.
2026 3463 2104 3521 21
2263 3462 2348 3523 40
2393 3465 2476 3522 Gr
2506 3463 2560 3520 2.
2593 3464 2666 3520 De
2698 3482 2834 3521 mor.
2873 3468 2913 3524 9

792 3549 870 3607 41
920 3548 1045 3607 Sen.
1089 3549 1248 3624 epist.
1284 3548 1353 3622 8,
1390 3547 1469 3606 10
1498 3548 1624 3605 coll.
1659 3547 1771 3621 59,
1808 3548 1884 3606 18
2074 3546 2156 3606 42
2206 3550 2290 3606 Gr
2320 3547 2374 3607 2.
2407 3547 2557 3606 Caec.
2589 3548 2733 3607 Balb.
2765 3549 2917 3608 Mon.

628 3636 740 3710 12,
773 3636 838 3707 2,
872 3653 966 3711 pg.
1002 3634 1081 3693 23
1265 3632 1346 3692 43
1392 3633 1466 3691 R.
1502 3635 1594 3709 qui
1623 3650 1728 3691 scr.
1755 3592 2023 3708 ’Aviyilim
2086 3632 2210 3691 Sen.
2244 3634 2311 3691 de
2339 3651 2493 3710 prov.
2526 3632 2597 3707 4,
2634 3633 2730 3692 13.

624 3719 706 3776 44
752 3722 860 3777 Βο.
892 3719 995 3777 Cic.
1029 3736 1129 3794 pro
1161 3717 1296 3775 Mur.
1336 3718 1446 3791 13,
1479 3718 1578 3777 29.
1616 3717 1836 3787 Quintil.
1872 3718 1942 3792 8,
1976 3718 2048 3792 3,
2084 3719 2160 3777 79
2332 3718 2413 3776 45
2461 3719 2569 3776 Bo.
2595 3718 2680 3778 Ex
2707 3722 2918 3778 [erasmi

625 3804 794 3880 Adag.
828 3801 1075 3877 Χρυσοῦ
1116 3799 1435 3871 λαλοῦντος
1476 3799 1592 3872 πᾶς
1633 3762 2005 3876 ἆπρακτείτω
2046 3795 2217 3878 λόγος
2415 3802 2496 3860 46
2546 3805 2629 3860 Gr
2658 3803 2714 3860 2.
2752 3804 2908 3863 Caec.

625 3887 768 3946 Balb.
801 3889 942 3946 Mon.
972 3887 1075 3961 48,
1113 3888 1210 3961 13,
1241 3905 1331 3963 pg.
1367 3888 1447 3946 35
1621 3887 1700 3946 47
1750 3889 1832 3946 Gr
1862 3889 1921 3945 2.
1952 3887 2102 3945 Caec.
2138 3887 2283 3944 Balh.
2318 3886 2458 3944 Mon.
2482 3886 2586 3962 40,
2611 3887 2672 3962 4,
2702 3907 2794 3964 pg.
2827 3891 2913 3949 33

796 3973 876 4032 48
922 3974 1030 4031 Bo.
1063 3973 1135 4029 De
1166 3989 1302 4029 mor.
1336 3971 1436 4030 47.
1471 3972 1596 4029 Sen.
1630 3973 1697 4029 de
1727 3972 1900 4034 benef.
1933 3973 1994 4046 3,
2031 3972 2129 4046 15,
2171 3971 2209 4028 4
2408 3972 2489 4030 49
2539 3974 2639 4030 Gr.
2672 3973 2744 4029 De
2776 3978 2917 4032 mori

628 4059 706 4118 67
908 4057 992 4117 50
1037 4059 1120 4114 Gr
1150 4058 1210 4116 2.
1239 4056 1390 4114 Caec.
1434 4057 1579 4115 Balb.
1610 4057 1748 4113 Mon.
1787 4057 1897 4130 14,
1931 4057 2002 4130 5,
2045 4076 2137 4133 pg.
2172 4054 2251 4112 24
2454 4054 2530 4114 51
2579 4058 2687 4115 Bo.
2721 4058 2842 4114 Var.
2876 4060 2918 4117 l.

583 4182 589 4189 ·
626 4143 781 4201 Publ.
814 4151 956 4200 sent.
990 4142 1145 4216 235,
1177 4159 1340 4217 supra
1369 4161 1461 4217 pg.
1495 4143 1573 4201 81
1778 4141 1856 4199 52
1906 4143 2004 4200 Go.
2208 4140 2287 4198 53
2336 4141 2434 4199 Go.
2466 4141 2799 4199 Penthaleon
2830 4161 2922 4200 re-

575 4273 579 4278 .
627 4231 794 4286 otius:
849 4229 1069 4286 Bonum
1100 4235 1186 4286 est
1214 4228 1460 4285 reddere
1490 4229 1641 4286 bona
1674 4228 1850 4285 verba
1882 4232 1937 4284 et
1965 4230 2209 4284 inimicis
2368 4225 2449 4283 54
2495 4228 2563 4297 Q.
2595 4225 2720 4283 Sen.
2754 4229 2918 4302 epist.

622 4313 726 4386 47,
760 4313 839 4369 21
967 4313 1046 4371 55
1094 4314 1164 4369 Ε.
1197 4313 1270 4369 De
1301 4329 1436 4370 mor.
1472 4311 1594 4370 114
1723 4311 1803 4369 56
1851 4313 1921 4368 E.
1956 4312 2028 4368 De
2060 4329 2192 4368 mor.
2227 4312 2306 4369 97
2435 4310 2512 4370 57
2561 4312 2666 4370 Bo.
2702 4310 2914 4370 Erasm.

628 4396 799 4472 Adag.
841 4414 896 4471 p.
934 4397 1052 4456 641
1089 4397 1218 4455 edit.
1255 4399 1379 4454 anni
1413 4397 1574 4456 1617
1780 4395 1858 4454 58
1907 4397 2014 4455 Bo.
2047 4395 2249 4457 Erasm.
2281 4396 2449 4471 Adag.
2483 4395 2609 4453 ibid.
2642 4414 2738 4472 pg.
2773 4397 2923 4456 628.

630 4481 785 4539 Pind.
818 4481 1028 4557 Olymp.
1066 4484 1125 4555 6,
1160 4481 1275 4541 101
1435 4482 1513 4541 59
1561 4483 1671 4541 Bo.
1703 4481 1874 4539 Plaut.
1903 4481 2099 4539 Pseud.
2132 4479 2257 4540 454
2431 4481 2512 4540 60
2556 4480 2641 4538 Gr
2671 4480 2729 4539 2.
2763 4482 2922 4541 Caec.

633 4564 779 4623 Balb.
812 4565 955 4624 Mon.
991 4566 1093 4640 22,
1126 4566 1183 4624 2.
1213 4584 1306 4642 pg.
1344 4566 1422 4624 27
