3209 5184
617 497 737 563 122
1394 514 1833 563 sumemus
1879 477 2106 563 FALso'

783 666 942 733 Cum
991 667 1073 731 de
1114 667 1305 732 unius
1348 665 1641 733 moribus
1685 667 2030 751 iudicabis,
2078 667 2161 732 de
2204 668 2483 756 publicis
2530 672 2764 756 cogita.

782 768 948 834 Cum
990 768 1362 833 hominibus
1407 790 1655 855 pacem,
1703 766 1875 833 bella
1920 791 2064 832 cum
2110 769 2293 834 vitiis
2339 771 2526 837 habe.

779 868 946 935 Cum
988 890 1145 956 pare
1184 869 1574 935 contendere
1616 869 1947 954 indecens,
1996 892 2142 935 cum
2184 874 2515 959 superiore
2545 872 2890 955 furiosum,

1828 992 1974 1036 cum
2017 972 2324 1038 inferiore
2367 974 2724 1038 sordidum.

782 1071 1148 1158 Cupiditati
1190 1072 1380 1137 tarda
1425 1081 1523 1137 est
1567 1072 1714 1159 ipsa
1758 1071 2077 1138 celeritaS.
2389 1087 2428 1114 Χ

655 1181 736 1241 90
778 1172 1107 1237 Damnum
1150 1175 1281 1238 nisi
1327 1195 1411 1237 ex
1454 1172 1858 1240 abundantia
1900 1196 2044 1238 raro
2090 1176 2294 1239 venit.

777 1275 993 1339 Datur
1035 1277 1286 1340 meritis
1331 1276 1649 1340 maiorum
1693 1273 1871 1340 nulla
1915 1273 2144 1360 gloria.

776 1376 1109 1442 Deformis
1157 1377 1490 1441 simiarum
1536 1377 1658 1440 erit
1700 1375 2157 1464 pulcherrima.

777 1478 1066 1543 Demens
1115 1487 1212 1542 est
1256 1479 1548 1565 quisquis
1595 1487 1884 1564 praestat
1931 1479 2134 1543 errori
2179 1478 2396 1545 fidem.
2465 1513 2472 1517 ⁴

780 1579 923 1645 Deo
968 1579 1233 1644 favente
1276 1581 1549 1665 naviges
1596 1579 1702 1643 vel
1749 1581 2016 1644 vimine.

655 1687 732 1746 95
777 1680 1194 1746 Desiderium
1237 1680 1468 1746 melius
1516 1682 1724 1746 vitam
1770 1681 2252 1771 custod[iv]erit
2296 1703 2489 1770 quam
2535 1684 2745 1750 timor.

777 1783 941 1848 Dies
987 1781 1374 1869 quandoque
1417 1803 1723 1867 noverca,
1772 1783 2159 1871 quandoque
2204 1793 2300 1849 est
2345 1807 2601 1872 parens.

783 1881 1076 1948 Difficile
1119 1883 1501 1948 reciduntur
1549 1883 1758 1972 [vitia]
1779 1935 1798 1968 ,
1845 1907 2009 1972 quae
2053 1885 2395 1951 nobiscum
2441 1889 2785 1966 creverint.

776 1983 1127 2050 Difficilius
1174 1993 1274 2051 est
1314 1984 1669 2070 moderari,
1715 1985 1830 2051 ubi
1874 1986 2083 2051 dolori
2128 1986 2404 2053 debetur
2446 1988 2642 2074 ultio,
2698 2011 2902 2076 quam

1824 2087 1941 2152 ubi
1987 2088 2303 2175 exemplo

775 2188 1053 2253 Discute
1097 2187 1271 2276 quod
1314 2186 1545 2254 audias
1591 2209 1802 2273 omne,
1849 2188 2024 2276 quod
2070 2190 2297 2255 credas
2342 2191 2567 2278 proba.

614 2298 734 2357 100
775 2290 1119 2356 Dissensio
1166 2289 1446 2380 abtaliO,
1491 2312 1531 2353 a
1574 2297 1641 2354 te
1684 2290 1771 2355 sit
1813 2290 2277 2357 reconciliatio,

774 2391 1151 2458 Dissolutus
1197 2401 1297 2457 est
1338 2390 1591 2456 deliciis
1625 2392 1807 2456 cuius
1840 2391 2011 2458 latus
2040 2391 2252 2459 alieno
2284 2393 2505 2460 labore
2536 2394 2898 2462 condoluit.

774 2494 976 2560 Domi
1017 2514 1279 2558 manere
1323 2494 1540 2557 virum
1585 2493 1987 2559 fortunatum
2032 2495 2239 2560 decet.

774 2595 1060 2660 Domum
1106 2596 1218 2682 qui
1262 2594 1587 2679 aedificat,
1634 2592 1995 2684 impolitam
2037 2618 2119 2660 ne
2163 2597 2357 2662 sinat.

774 2695 1008 2760 Dulcis
1052 2695 1369 2761 malorum
1412 2698 1909 2783 praeteritorum
1952 2698 2281 2763 memoria.

610 2804 728 2862 105
775 2798 949 2884 Eget
991 2798 1202 2862 minus
1247 2797 1562 2882 mortaliS,
1611 2821 1736 2885 quo
1780 2801 1994 2865 minus
2042 2801 2240 2888 cupit.

674 2917 681 2922 ·
774 2898 1211 2988 Eleemosyna
1239 2921 1369 2966 non
1398 2907 1529 2963 tam
1559 2902 2032 2987 accipientibus
2053 2922 2245 2988 quam
2267 2893 2576 2967 dantibus
2596 2901 2894 2989 prodest.

772 3001 1024 3066 Eodem
1065 3003 1283 3067 animo
1329 3001 1718 3067 beneficium
1761 3002 2053 3087 debetur,
2101 3025 2227 3089 quo
2273 3003 2487 3069 datur.

724 3262 804 3320 86
849 3263 924 3319 R.
952 3261 1079 3318 Sen.
1107 3261 1273 3318 deira
1292 3261 1351 3335 2,
1376 3262 1475 3321 31.
1503 3261 1540 3320 5
1657 3262 1737 3322 87
1785 3264 1852 3320 F.
1880 3263 1950 3319 De
1971 3280 2105 3320 mor.
2136 3262 2216 3321 34
2333 3262 2412 3322 88
2465 3265 2531 3321 R.
2566 3264 2693 3321 Seu.
2717 3265 2785 3322 de
2807 3267 2895 3322 ira

606 3345 665 3419 2,
692 3344 793 3418 34,
820 3346 853 3403 1
985 3346 1063 3404 89
1109 3346 1206 3404 Ps.
1239 3346 1391 3404 0300.
1422 3346 1568 3403 Β311).
1594 3347 1738 3404 Mon.
1774 3349 1830 3421 1,
1859 3347 1958 3420 15,
1990 3365 2081 3423 pg.
2111 3348 2186 3404 19
2319 3348 2400 3406 90
2440 3350 2539 3406 Ps.
2562 3350 2713 3405 0300.
2737 3350 2891 3408 Balb.

604 3430 748 3488 Mon.
776 3431 832 3504 1,
861 3430 960 3502 17,
985 3448 1078 3505 pg.
1110 3431 1185 3489 19
1317 3431 1391 3489 91
1443 3432 1511 3488 F.
1647 3432 1725 3490 92
1772 3433 1879 3491 Bo.
1905 3432 2157 3489 Proverb.
2183 3450 2436 3507 graecum
2461 3437 2580 3490 τῶν
2600 3422 2897 3505 πιθήκων

603 3504 1038 3590 εὖμορφότατος
1070 3503 1410 3589 δύσμορφός
1440 3509 1595 3572 ἔστιν
1626 3517 1751 3573 0011.
1787 3517 2055 3573 Heraclito
2087 3534 2171 3592 ap.
2204 3517 2340 3574 Plat.
2364 3517 2524 3593 llipp.
2548 3521 2668 3575 mai.
2699 3519 2820 3577 289
2851 3521 2895 3576 B

733 3601 810 3660 93
858 3602 955 3658 Ps.
983 3600 1106 3657 Sen.
1139 3600 1206 3657 de
1236 3600 1414 3663 henes.
1440 3600 1499 3674 4,
1526 3601 1605 3660 36
1739 3601 1818 3659 94
1865 3603 1971 3658 Bo.
2003 3600 2198 3658 Erasm.
2227 3602 2394 3677 Adag.
2420 3621 2474 3677 p.
2501 3602 2578 3660 14
2612 3622 2680 3661 ex
2709 3605 2890 3662 schol.

603 3686 876 3760 Aristoph.
910 3682 1060 3741 θεοῦ
1090 3679 1375 3754 θέλοντος
1406 3677 1522 3742 κᾶν
1552 3679 1649 3742 ἐπὶ
1681 3675 1855 3761 ῥιπὸς
1882 3679 2079 3753 πλέοις
2221 3686 2299 3744 95
2349 3687 2431 3743 Gr
2461 3687 2518 3744 2.
2553 3687 2702 3748 0300.
2735 3688 2888 3747 Ball).

602 3768 744 3826 Mon.
777 3771 837 3842 8,
870 3770 929 3842 2,
961 3788 1053 3845 pg.
1088 3770 1163 3826 21
1327 3772 1405 3829 96
1454 3773 1558 3829 Bc.
1591 3772 1809 3828 Hesiod.
1858 3789 1982 3847 opp.
2016 3770 2136 3830 825
2178 3758 2384 3827 ἄλλοτε
2426 3758 2683 3846 μητρυιὴ
2724 3767 2893 3829 πέλει

601 3843 821 3927 ἡμέρη,
864 3844 1067 3910 ἄλλοτε
1097 3843 1312 3927 μήτηρ,
1344 3854 1587 3913 Favorin.
1622 3874 1704 3930 ap.
1739 3856 1967 3913 Gellium
1995 3856 2096 3927 17,
2121 3851 2221 3929 12',
2247 3855 2286 3911 4
2424 3857 2502 3914 97
2549 3859 2624 3915 R.
2657 3857 2781 3914 Seu.
2817 3858 2894 3915 dc

601 3941 679 3995 ira
710 3938 769 4012 2,
802 3939 899 4010 18,
928 3938 964 3994 2
1096 3938 1174 3996 98
1223 3941 1322 3997 Go.
1357 3939 1481 3996 Sen.
1514 3941 1581 3997 de
1611 3941 1765 3997 clem.
1804 3943 1860 4014 1,
1887 3940 1987 4013 20,
2019 3940 2051 3996 1
2193 3940 2271 3998 99
2321 3940 2421 3998 Gr.
2454 3958 2519 3997 cx
2549 3941 2705 3999 codd.
2734 3942 2893 3998 Pala-

602 4025 748 4080 tiniS.
778 4025 928 4080 0300.
960 4022 1100 4078 11311).
1135 4023 1251 4080 Par.
1287 4023 1387 4094 69,
1418 4041 1511 4100 pg.
1546 4025 1627 4080 42
1783 4027 1904 4084 100
1946 4027 2016 4084 F.
2049 4025 2122 4081 De
2152 4042 2286 4082 mor.
2322 4024 2401 4083 49
2547 4027 2661 4086 101
2713 4028 2783 4084 R.
2817 4044 2890 4084 ex

601 4108 718 4165 cod.
753 4108 953 4183 Gryph.
996 4111 1243 4166 collatus
1283 4128 1336 4165 a.
1383 4111 1557 4167 corde
1598 4126 1649 4166 c.
1690 4110 1814 4166 Seu.
1858 4111 1924 4166 de
1964 4111 2041 4166 ira
2073 4110 2143 4184 2,
2178 4109 2290 4184 25,
2328 4109 2360 4165 1
2607 4112 2725 4170 102
2772 4113 2885 4169 Bo.

605 4194 851 4268 Apostol.
890 4193 988 4266 12,
1019 4193 1098 4251 45
1131 4188 1287 4249 οἴκοι
1318 4187 1518 4266 μένειν
1548 4189 1641 4250 δεῖ
1669 4185 1771 4250 τὸν
1800 4191 1992 4263 καλῶς
2021 4186 2347 4268 εὐδαίμονα
2477 4195 2597 4254 103
2644 4198 2747 4254 Βο.
2781 4195 2891 4252 110-

601 4278 741 4334 siod.
773 4296 897 4354 opp.
926 4277 1046 4338 746
1077 4271 1227 4352 μηδὲ
1256 4269 1439 4353 δόμου
1468 4275 1657 4336 ποιῶν
1685 4269 2063 4349 ἀνεπίξεστον
2104 4277 2475 4336 καταλείπειν
2608 4280 2726 4339 104
2772 4281 2887 4337 Bo.

601 4363 706 4418 Cic.
741 4363 806 4420 de
838 4362 926 4419 fin.
962 4362 1031 4436 2,
1064 4363 1162 4421 34.
1201 4363 1401 4422 Erasm.
1432 4364 1598 4440 Adag.
1642 4381 1736 4439 pg.
1768 4363 1889 4423 499
2080 4365 2199 4424 105
2246 4365 2339 4423 Ps.
2374 4366 2527 4422 0300.
2561 4364 2703 4422 Balb.
2738 4366 2888 4421 Mon.

606 4446 706 4518 12,
730 4448 767 4507 8
798 4465 890 4523 pg.
910 4447 1021 4514 23.
1056 4448 1180 4505 Seu.
1211 4452 1372 4525 epist.
1406 4449 1464 4521 2,
1492 4450 1546 4506 6.
1580 4449 1647 4506 dc
1679 4465 1812 4505 mor.
1839 4449 1938 4507 46.
1985 4450 2064 4506 Cf.
2088 4467 2251 4525 supra
2281 4469 2330 4508 v.
2357 4450 2478 4509 286
2610 4449 2728 4507 106
2778 4451 2885 4508 Ge.

602 4530 674 4590 De
704 4549 840 4591 mor.
874 4532 954 4589 55
1131 4534 1247 4592 107
1296 4534 1355 4592 S.
1388 4533 1515 4591 Seu.
1549 4533 1618 4590 de
1646 4533 1822 4591 benef.
1859 4535 1917 4608 1,
1954 4534 2010 4608 1,
2041 4535 2079 4594 8
