3209 5184
42 231 45 364 ῐ

42 373 45 422 ι

40 427 45 618 ff
903 458 1214 506 Pnssmhu
1261 456 1418 504 st
1464 457 1922 507 SENTENTIAE.
2443 441 2564 506 105

260 634 405 672 prov.
455 612 697 695 Repelli
737 633 801 677 se
843 613 1123 677 homines
1161 611 1419 694 facilius
1465 632 1656 693 quam
1699 613 1900 693 decipi
1939 613 2171 693 serunt.

448 715 694 797 Respue
737 715 1163 799 crudelitatem
1206 718 1263 779 et
1304 719 1569 780 matrem
1612 714 1998 778 crudelitatis
2040 715 2228 777 iram.

448 817 546 882 Re
597 837 746 881 vera
801 818 1105 881 memoria
1157 816 1593 899 beneficiorum
1653 815 1913 899 frayilis
1969 819 2084 893 est,
2163 815 2562 879 iniuriarum

1496 923 1703 983 tenax.

314 1028 401 1086 85
451 1019 822 1085 Ridiculum
864 1024 954 1084 est
995 1020 1134 1085 odio
1178 1021 1455 1084 nocentis
1496 1021 1924 1085 innocentiam
1954 1020 2236 1102 perdere.

453 1122 581 1187 Res
621 1142 772 1186 vera
816 1125 918 1198 est,
965 1122 1076 1202 qui
1120 1142 1162 1184 a
1205 1121 1420 1185 multis
1459 1122 1729 1199 timetur,
1776 1121 2004 1186 multos
2046 1123 2236 1186 timet.

453 1222 730 1306 Reyibus
761 1223 951 1304 peius
994 1226 1083 1286 est
1124 1223 1316 1287 multo
1360 1242 1554 1303 quam
1595 1223 2005 1287 servientibus
2017 1244 2038 1286 .·

450 1347 519 1389 re
559 1346 729 1402 vera,
777 1325 930 1405 quia
974 1324 1072 1387 illi
1114 1324 1412 1405 sinyulos,
1456 1325 1564 1388 isti
1605 1325 1929 1389 universos
1972 1326 2208 1389 timent.

453 1426 583 1491 Res
633 1428 777 1508 ipsa
830 1430 902 1488 ut
942 1429 1304 1506 praestare.
1320 1426 1640 1507 possimus
1693 1425 1939 1509 efficiet,
1997 1427 2055 1490 si
2101 1426 2389 1507 polliceri
2419 1413 2571 1507 pro-

1490 1547 1798 1608 peramus
1839 1527 2112 1592 honesta.

319 1621 425 1696 90‘
454 1630 615 1695 Rem
657 1631 1008 1694 maximam
1038 1629 1356 1710 promittit
1394 1629 1509 1693 tibi
1549 1631 1885 1710 sapientia,
1931 1633 2003 1693 ut
2042 1633 2098 1693 te
2140 1629 2397 1692 reducat
2442 1627 2572 1691 tibi.

452 1731 648 1796 Recta
699 1732 959 1812 inqenia
1022 1729 1304 1794 debilitat
1357 1731 1732 1795 verecundia
1746 1780 1762 1808 ,
1809 1751 2027 1811 prava
2070 1731 2404 1812 confirmat
2446 1750 2565 1792 au-

1509 1833 1713 1896 dacia.

458 1934 586 1999 Res
626 1935 865 2016 optima
907 1938 995 1997 est
1032 1954 1163 1998 non
1203 1933 1526 1998 sceleratos
1568 1934 1933 2016 exstirpare,
1980 1934 2088 1998 sed
2128 1933 2376 1997 scelera.

460 2036 645 2102 Recte
683 2056 914 2118 parem
955 2040 1013 2100 et
1053 2035 1417 2115 inferiorem
1471 2034 1729 2113 laudas,
1788 2035 1944 2116 quia
1987 2036 2264 2117 pertinet
2317 2035 2406 2099 ad
2441 2034 2573 2116 ylo-

1505 2138 1676 2201 riam
1719 2141 1915 2201 tuam.

463 2233 589 2305 Res
641 2258 911 2321 maynae
964 2238 1318 2303 clementiae
1371 2243 1486 2317 est,
1546 2238 1924 2320 indulyendo
1979 2239 2284 2320 corriyere
2316 2240 2577 2319 peecata

1506 2360 1700 2421 quam
1742 2340 2142 2404 vindicando.

454 2442 759 2522 Ratione,
805 2463 935 2506 non
977 2442 1049 2503 vi
1093 2440 1417 2544 vincenda
1461 2439 1909 2506 adulescentia
1954 2449 2073 2504 est.

286 2729 559 2782 comens
602 2719 862 2777 Proverb.
902 2719 1070 2776 PRF
1094 2718 1257 2792 (EC),
1289 2720 1373 2791 M,
1419 2738 1467 2775 ν.
1502 2712 1868 2784 569—583;
1914 2721 1972 2776 F
1996 2716 2099 2796 (T)

463 2873 543 2930 82
588 2872 793 2946 despici
827 2870 872 2927 C
1038 2870 1118 2930 83
1162 2873 1370 2946 respice
1402 2873 1460 2927 Ε
1639 2880 1860 2928 matrem
1889 2871 2153 2929 PRFEG
2197 2872 2354 2928 Vino.
2391 2871 2457 2926 B.
2489 2886 2576 2943 sp.

290 2963 347 3016 cl.
380 2959 451 3029 4,
486 2957 624 3016 133.
662 2956 810 3015 136:
856 2957 1149 3013 ministram
1180 2956 1246 3012 M
1274 2956 1376 3016 31.
1467 2957 1554 3030 Cf.
1593 2955 1784 3024 Quint.
1822 2961 1954 3013 inst.
1987 2974 2070 3013 or.
2104 2956 2174 3027 9,
2209 2956 2281 3026 3,
2313 2955 2391 3011 89
2436 2951 2579 3011 ‘cru-

291 3044 528 3100 delitatis
571 3049 742 3098 mater
770 3049 855 3098 est
886 3041 1141 3112 avaritia'‚
1188 3049 1243 3098 et
1272 3045 1383 3100 inc.
1420 3049 1566 3116 traq.
1601 3044 1763 3114 apud
1790 3044 1970 3099 Rutil.
2002 3041 2145 3113 Eup.
2178 3040 2248 3110 2,
2282 3041 2340 3112 6,
2365 3057 2464 3113 pq.
2501 3038 2577 3096 15

289 3127 482 3187 Halm.
517 3128 669 3183 Mus,
704 3126 891 3183 maen.
930 3126 1114 3195 1868,
1136 3145 1237 3200 pq.
1273 3126 1393 3183 692
1597 3126 1677 3182 84
1722 3143 1782 3182 re
1807 3122 1962 3202 nera]
1993 3142 2116 3181 nam
2149 3126 2216 3181 M
2246 3124 2365 3181 128

288 3211 676 3270 beneficiorum
706 3212 861 3269 PRC
905 3212 1059 3266 Vino.
1095 3211 1166 3268 B.
1199 3227 1288 3282 sp.
1322 3213 1376 3267 d.
1411 3209 1483 3282 4,
1517 3210 1617 3267 54.
1656 3210 1802 3268 135:
1847 3209 2179 3266 beneficiiF
2375 3209 2577 3280 fragilis

290 3299 456 3356 PRF
496 3298 678 3354 Vina.-
723 3295 891 3352 facilis
923 3298 1088 3369 vulyo
1118 3295 1204 3367 M,
1235 3295 1412 3352 brevis
1445 3296 1490 3352 0
1658 3296 1737 3353 85
1786 3296 1831 3353 G
1875 3296 2030 3352 Vino.
2065 3296 2136 3350 Β.
2171 3311 2259 3366 sp.
2294 3296 2345 3350 d.
2379 3292 2441 3364 4,
2476 3293 2573 3350 74.

294 3385 448 3455 136,
481 3382 548 3437 Μ
576 3382 650 3438 61
826 3397 914 3435 res
957 3397 1083 3436 vera
1113 3389 1198 3437 est
1227 3382 1365 3437 FE:
1408 3397 1496 3437 res
1528 3388 1584 3436 ει
1616 3398 1736 3437 vera
1769 3388 1852 3436 cst
1882 3381 2019 3452 PR,
2064 3396 2124 3436 re
2155 3396 2276 3434 vera
2327 3380 2483 3436 Vino.
2518 3376 2579 3446 4,

293 3468 372 3526 74
404 3475 465 3525 ut
486 3484 657 3539 prov.
690 3465 793 3536 84,
824 3465 927 3536 88,
960 3482 1066 3521 om.
1117 3466 1277 3523 Vino.
1311 3465 1371 3537 4,
1407 3466 1548 3536 136,
1579 3464 1661 3524 M.
1753 3466 1841 3538 Cf.
1876 3484 1927 3522 v.
1960 3465 2082 3523 338
2266 3464 2346 3521 87
2396 3463 2485 3535 Cf.
2520 3482 2569 3520 v.

289 3554 410 3612 322
543 3549 894 3626 regnantibus
925 3551 995 3605 M
1022 3550 1136 3606 141
1272 3559 1355 3607 est
1386 3551 1622 3607 PREC:
1653 3568 1759 3607 om.
1791 3551 1848 3606 F
1970 3550 2050 3607 88
2096 3550 2239 3622 sing.
2273 3548 2350 3604 illi
2380 3549 2437 3604 F

294 3639 373 3696 89
420 3639 468 3694 si
498 3637 877 3711 promittamus
907 3635 963 3690 h.
997 3635 1041 3691 C
1226 3636 1308 3692 90
1350 3652 1523 3708 prom.
1555 3633 1651 3690 tibi
1676 3634 1833 3690 PRO
1876 3635 2031 3691 Vino.
2063 3634 2136 3688 B.
2171 3649 2256 3704 sp.
2289 3635 2342 3688 d.
2376 3632 2436 3703 9,
2468 3631 2579 3687 41:

293 3723 386 3780 tibi
416 3741 526 3779 om.
559 3723 616 3777 F
809 3720 886 3776 91
935 3718 1253 3775 verecundia
1286 3720 1464 3777 PRC:
1507 3718 1779 3775 iracundia
1830 3720 1986 3775 Vinc.
2020 3719 2092 3773 B.
2126 3735 2212 3790 sp.
2247 3720 2301 3774 d.
2333 3717 2404 3786 4,
2440 3715 2579 3785 133,

290 3808 548 3882 sapientia
579 3806 652 3876 F,
685 3810 1023 3875 corruptum
1054 3819 1133 3860 ex
1165 3823 1214 3861 v.
1250 3805 1331 3862 9O
1484 3821 1645 3879 prava
1673 3804 1779 3860 PR
1829 3804 2009 3860 Vino„-
2037 3820 2196 3877 parva
2227 3805 2298 3874 F,
2329 3818 2579 3877 perversa

296 3891 343 3947 0
507 3889 586 3947 92
648 3889 802 3946 Vino.
843 3889 913 3942 Β.
940 3905 1028 3960 sp.
1062 3890 1116 3944 d.
1152 3889 1223 3959 4,
1259 3889 1376 3946 136
1578 3890 1875 3963 exstirpare
1906 3888 2035 3945 scel.
2067 3889 2148 3952 F;
2192 3889 2422 3961 stirpare
2453 3887 2579 3955 PR,

294 3992 557 4050 exurpare
590 3977 661 4046 Ε,
693 3989 944 4047 rumpere
991 3973 1147 4029 Vinc.
1183 3974 1254 4029 B.
1289 3990 1374 4045 sp.
1407 3976 1462 4030 d.
1493 3973 1557 4044 4,
1590 3974 1670 4031 66
1823 3973 2064 4030 excelera
2096 3973 2182 4029 Pb
2341 3971 2419 4028 93
2465 3970 2580 4026 Pli-

291 4066 420 4118 nius
450 4064 614 4133 epist.
648 4060 684 4117 6
704 4100 720 4128 ,
761 4059 859 4129 17,
891 4058 931 4112 4
973 4057 1152 4113 ‘lauda
1185 4059 1265 4114 vel
1309 4058 1619 4114 inferiorem
1648 4058 1733 4114 vel
1773 4059 2109 4132 superiorem
2140 4057 2224 4113 vel
2253 4071 2436 4130 parem
2467 4097 2480 4110 .
2516 4095 2528 4108 .
2563 4095 2576 4109 .

294 4148 416 4219 quia
443 4146 682 4219 pertinet
712 4142 778 4198 ad
811 4151 953 4198 tuam
984 4142 1258 4215 gloriam'.
1406 4160 1589 4217 parem
1622 4146 1865 4214 Plinius,
1907 4143 2063 4199 Vino.
2094 4142 2159 4196 B.
2193 4157 2281 4213 sp.
2304 4143 2358 4196 d.
2386 4138 2445 4210 5,
2470 4138 2578 4196 69:

294 4238 566 4304 parentem
598 4228 808 4285 PRFC
997 4226 1077 4284 94
1141 4229 1297 4284 Vinc.
1331 4229 1403 4283 Β.
1437 4244 1525 4301 sp.
1559 4230 1615 4284 (1.
1649 4227 1710 4297 4,
1744 4227 1822 4284 68
2006 4225 2214 4299 indulg.
2248 4224 2415 4298 magis
2447 4241 2495 4279 c.
2529 4224 2586 4277 F

295 4317 569 4389 corrigere
598 4311 737 4370 PbC
778 4314 958 4370 Vina.-
1000 4328 1290 4386 corregere
1321 4312 1496 4383 PaR,
1541 4313 1815 4385 corripere
1845 4313 1916 4383 F,
1941 4309 2259 4381 dimittere,
2300 4325 2429 4380 sup.
2462 4324 2577 4363 scr.
2655 4317 2664 4324 '

296 4399 379 4455 vel
408 4400 686 4473 corrigere
719 4399 776 4454 Ε
940 4404 1156 4471 peccata
1187 4398 1369 4474 potius
1401 4413 1558 4471 quam
1607 4398 1763 4454 Vino.
1940 4394 2060 4452 569
2107 4393 2468 4450 adolescentia
2498 4398 2581 4448 est

294 4484 544 4557 Inqolst..·
579 4491 664 4540 est
694 4482 776 4539 ad.
809 4482 866 4538 F
