3209 5184
1149 418 1696 467 PRoLEeomnNA.
2479 406 2563 473 55

361 578 576 639 Nullus
619 583 701 638 est
742 583 865 637 tam
906 582 1068 638 tutus
1078 573 1141 658 ³⁶)
1187 584 1477 651 quaestus,
1522 598 1703 652 quam
1745 550 1898 653 qaod
1937 581 2154 640 habeas
2181 599 2446 655 parcere.

283 708 520 775 Similis
578 718 679 772 est
734 708 1100 773 emendatio
1145 709 1412 791 v.s329‚
1472 708 1587 773 ubi
1642 690 1728 773 ex
1771 709 2106 775 codicibus
2152 713 2560 798 reposuimus

283 814 556 877 misereri
599 832 716 895 pro
761 833 835 876 eo
880 811 1056 898 quod
1101 812 1172 875 in
1216 798 1615 876 editionibus
1662 812 2277 893 circumferebatur,
2322 817 2556 880 miseri.

439 915 700 978 Passim
755 913 1248 999 pronominibus
1305 915 1591 994 quisquis
1636 922 1701 977 et
1745 916 2056 996 quidquid
2106 913 2362 987 librarii
2413 915 2563 979 sub-

281 1018 626 1081 stituerunt
671 1016 813 1097 quis
858 1023 921 1077 et
966 1017 1149 1096 quid,
1199 1013 1305 1077 vel
1347 1016 1462 1079 ubi
1509 1018 1832 1080 sententia
1876 1037 2144 1102 poscere
2188 1016 2561 1099 videbatur,

283 1121 386 1201 qui
428 1128 493 1181 et
536 1118 720 1199 quod.
809 1114 1132 1202 Exemplo
1176 1117 1309 1181 sint
1353 1138 1584 1180 versus
1632 1116 1672 1180 9
1715 1127 1780 1181 et
1822 1118 1968 1198 379,
2014 1116 2131 1182 ubi
2178 1118 2352 1205 quod
2396 1120 2464 1182 in
2501 1119 2571 1183 F

275 1220 582 1284 traditum
626 1227 748 1298 est,
795 1219 976 1300 quod,
1021 1239 1143 1281 nec
1188 1219 1514 1282 senarium
1561 1202 1784 1305 e'xplet
1815 1227 1879 1282 et
1909 1217 2225 1282 facillima
2256 1221 2556 1285 enienda-

276 1324 382 1405 tio,
425 1330 500 1387 ut
529 1319 859 1386 scribatur
887 1321 1210 1402 quidquid,
1243 1320 1716 1385 vetustioribus
1748 1319 2086 1386 codicibus
2120 1322 2556 1386 confirmatur.

277 1423 491 1503 Quare
536 1425 611 1486 in
655 1423 736 1486 iis
782 1443 1038 1508 quoque
1083 1422 1469 1504 sententiiS,.
1496 1443 1660 1508 quae
1690 1423 1761 1485 in
1789 1421 1926 1486 solo
1957 1422 2030 1486 F
2051 1432 2351 1488 servatae
2383 1437 2554 1505 sunt,

275 1525 441 1589 idem
484 1525 639 1589 vitii
683 1545 889 1609 genus
936 1524 1344 1612 subrepsisse
1386 1526 1673 1588 maxime
1718 1525 1860 1588 veri
1905 1523 2118 1588 simile
2164 1534 2284 1589 est.
2327 1518 2558 1611 'Equi-

274 1628 415 1690 dem
461 1635 640 1690 certe
684 1627 754 1690 in
798 1627 1141 1690 sententiis
1186 1625 1626 1711 generalibus,
1673 1625 1897 1712 quales
1943 1635 2095 1690 sunt
2124 1624 2556 1709 Publilianae,

272 1729 379 1793 ubi
432 1728 810 1814 pronomini
864 1726 1140 1791 relativo
1187 1728 1411 1791 deesse
1454 1749 1652 1791 unam
1696 1726 2021 1814 syllabam
2065 1736 2277 1814 patet,
2336 1727 2556 1792 malim

272 1831 591 1915 corrigere
631 1832 932 1911 quisquiS,
980 1851 1172 1916 quam
1202 1829 1377 1917 quod
1404 1828 1520 1893 alii
1549 1828 2043 1913 adamaverunt,
2091 1832 2148 1896 is
2176 1832 2309 1913 qui.
2377 1829 2558 1915 Ergo

270 1933 335 1996 in
376 1955 443 1996 v.
489 1932 617 1997 618
1739 1986 1748 1991 .

760 2038 965 2099 Socius
1003 2042 1072 2112 fit
1116 2042 1333 2114 culpae,
1378 2042 1479 2112 qui
1519 2045 1817 2100 nocentem
1858 2042 2023 2109 levat,

268 2187 404 2252 coll.
458 2209 521 2267 y.
565 2187 690 2251 471
751 2185 1008 2250 facilius
1066 2187 1220 2269 erit,
1279 2190 1563 2269 quisquis
1621 2187 1965 2251 emendare
2023 2209 2216 2274 quam
2258 2188 2552 2254 sublevat.

266 2290 737 2354 Accusativum
791 2297 1007 2351 tamen
1023 2336 1041 2369 ,
1098 2310 1488 2372 quemquem,
1546 2311 1692 2353 raro
1747 2290 2098 2354 admodum
2151 2298 2534 2376 usurpatum

265 2418 389 2457 non
432 2392 578 2456 ausi
627 2414 848 2454 sumus
895 2390 1239 2455 restituere
1283 2413 1347 2454 v.
1382 2392 1525 2455 366.
1618 2391 1722 2456 Of.
1768 2401 2104 2480 praeterea
2148 2413 2212 2457 V.
2258 2392 2362 2456 82.
2414 2390 2555 2468 155,

272 2496 406 2559 174.
460 2494 603 2557 200.
652 2492 798 2557 380.

428 2594 651 2659 Unam
707 2593 988 2679 denique
1040 2594 1431 2658 emendandi
1475 2596 1652 2658 viam
1696 2597 1979 2661 editores
2027 2598 2152 2661 sibi
2198 2597 2326 2683 ipsi
2369 2619 2554 2684 prae-

264 2697 614 2763 cluserunt.
707 2697 869 2760 Cum
929 2698 1101 2760 enim
1155 2694 1505 2760 multarum
1557 2697 2067 2785 corruptelarum
2112 2700 2296 2783 origo
2343 2721 2428 2762 ex
2471 2700 2552 2763 iis

264 2798 618 2886 repetenda
664 2799 772 2879 sit,
820 2819 984 2883 quae
1028 2798 1097 2861 in
1141 2784 1473 2862 codicibus
1519 2808 1633 2862 aut
1677 2802 1975 2886 proxime
2016 2800 2411 2866 antecedunt
2441 2810 2554 2866 aut

268 2904 780 2987 subsequuntur,
840 2900 992 2985 quia
1045 2898 1241 2962 facile
1296 2899 1464 2964 oculi
1509 2923 1548 2963 a
1592 2903 1808 2988 priore
1866 2923 2062 2966 versu
2105 2902 2191 2965 ad
2235 2904 2549 2990 posterio-

263 3027 393 3067 rem
449 3003 760 3068 aberrant
815 2999 923 3064 vel
979 3002 1300 3066 contrario
1357 3001 1548 3068 modo
1591 3025 1632 3066 a
1677 3002 1958 3068 librariis
2016 3015 2354 3091 peccatur,
2414 3028 2546 3068 ma·

262 3105 517 3170 luerunt
562 3103 661 3167 illi
704 3104 1173 3167 sententiarum
1215 3103 1542 3186 ordinem,
1591 3127 1718 3190 quo
1762 3108 1833 3170 in
1876 3105 2214 3171 codicibus
2259 3128 2329 3170 se
2375 3108 2547 3170 exci-

264 3211 467 3294 piunt,
515 3229 632 3270 suo
678 3205 950 3269 arbitrio
993 3206 1346 3269 invertere.
1434 3207 1539 3271 Ita
1583 3229 1649 3270 v.
1695 3208 1820 3272 529

714 3347 829 3421 Qui
870 3347 1059 3406 obesse
1101 3366 1234 3406 oum
1263 3353 1469 3421 potest,
1513 3368 1638 3409 non
1678 3352 1818 3418 vult,
1852 3351 2090 3424 prodest

260 3481 585 3544 senarium
641 3476 944 3541 claudum
999 3499 1187 3542 nemo
1231 3478 1447 3543 adhuc
1488 3480 1619 3543 nisi
1663 3478 2038 3544 fortissimis
2082 3480 2389 3545 remediis
2433 3482 2544 3546 ad-

261 3582 483 3646 hibitis
529 3580 968 3659 resuscitavit,
1013 3580 1272 3665 iamque
1313 3580 1395 3643 de
1426 3582 1717 3647 sanando
1748 3581 2160 3664 diffidebant,
2209 3605 2357 3646 cum
2387 3582 2566 3647 Hal-

259 3684 424 3748 mius
479 3684 551 3745 in
612 3681 837 3746 codice
881 3681 953 3743 F
997 3682 1362 3767 proximam
1415 3685 1805 3747 sententiam
1860 3685 1929 3746 in
1955 3688 2378 3770 'praenomen
2435 3687 2548 3777 tib}

260 3785 556 3848 desinere
612 3782 1080 3847 animadvertit
1135 3805 1340 3869 eoque
1395 3783 1712 3849 vocabulo
1756 3785 1982 3851 addito
2027 3808 2291 3851 versum
2335 3789 2402 3851 in
2447 3789 2543 3852 in-

258 3898 510 3971 tegrum
554 3885 865 3949 restituit.
952 3885 1035 3948 V.
1065 3885 1189 3948 491
1237 3883 1319 3947 de
1362 3888 1682 3973 corruptis
1714 3887 1936 3952 verbis
1956 3895 2159 3971 potest
2182 3891 2352 3954 ultus
2379 3889 2544 3953 nihil

260 3990 420 4052 certi
462 3996 720 4052 constat
763 3987 891 4051 nisi
936 3986 1075 4069 hoc,
1120 3995 1346 4065 natum
1392 4009 1535 4051 esse
1578 3990 1814 4053 vitium
1861 4011 1945 4052 ex
1985 4013 2049 4058 v,
2079 3992 2207 4055 492
2239 3994 2545 4074 prudenti

255 4092 477 4155 stultus
521 4096 625 4154 eto.
674 4097 741 4152 et
783 4098 1090 4174 quattuor
1137 4097 1392 4152 tantum
1431 4088 1669 4155 litteris
1717 4091 1915 4177 (pote)
1961 4115 2077 4179 pro
2122 4092 2541 4156 fundamento

259 4191 725 4255 emendationis
768 4189 1014 4255 relictis
1060 4199 1274 4255 cetera
1317 4193 1726 4258 coniecturae
1769 4202 2013 4280 patere.
2102 4194 2185 4258 V.
2229 4194 2375 4257 440.

390 4379 444 4443 *)
481 4382 746 4431 Fortasse
782 4382 1034 4446 praestat
1068 4383 1182 4432 tam
1216 4384 1413 4444 certus,
1450 4382 1571 4433 coll.
1607 4383 1753 4435 Plin.
1789 4400 1843 4437 n.
1883 4384 1935 4433 h.
1975 4386 2054 4447 18,
2092 4386 2122 4446 ἕ
2146 4387 2212 4434 29
2250 4383 2416 4434 ‘Cato
2453 4385 2537 4433 in-

256 4470 568 4531 terrogatus
605 4465 729 4533 quis
766 4470 916 4517 esset
951 4467 1291 4519 certissimus
1329 4474 1611 4535 quaestus,
1650 4469 1956 4535 respondit:
1994 4470 2043 4523 si
2079 4468 2221 4523 bene
2256 4476 2501 4540 pascas'.
