<?xml version="1.0" encoding="UTF-8"?>
<!DOCTYPE html PUBLIC "-//W3C//DTD XHTML 1.0 Transitional//EN"
    "http://www.w3.org/TR/xhtml1/DTD/xhtml1-transitional.dtd">
<html xmlns="http://www.w3.org/1999/xhtml" xml:lang="en" lang="en">
 <head>
  <title>
</title>
<meta http-equiv="Content-Type" content="text/html;charset=utf-8" />
  <meta name='ocr-system' content='tesseract 3.04.00' />
  <meta name='ocr-capabilities' content='ocr_page ocr_carea ocr_par ocr_line ocrx_word'/>
</head>
<body>
  <div class='ocr_page' id='page_1' title='image "./publiliisyrisen01martgoog_0184.png"; bbox 0 0 3209 5184; ppageno 0'>
   <div class='ocr_carea' id='block_1_1' title="bbox 628 446 2005 512">
    <p class='ocr_par' dir='ltr' id='par_1_1' title="bbox 628 446 2005 512">
     <span class='ocr_line' id='line_1_1' title="bbox 628 446 2005 512; baseline -0.002 0"><span class='ocrx_word' id='word_1_1' title='bbox 628 446 749 512; x_wconf 88' lang='lat'><strong>146</strong></span> <span class='ocrx_word' id='word_1_2' title='bbox 1383 460 1388 465; x_wconf 84' lang='lat'><strong>·</strong></span> <span class='ocrx_word' id='word_1_3' title='bbox 1532 462 1630 510; x_wconf 78' lang='lat' dir='ltr'><strong>DE</strong></span> <span class='ocrx_word' id='word_1_4' title='bbox 1673 461 2005 511; x_wconf 73' lang='lat' dir='ltr'><strong>uomens.</strong></span> 
     </span>
    </p>
   </div>
   <div class='ocr_carea' id='block_1_2' title="bbox 629 614 2936 2536">
    <p class='ocr_par' dir='ltr' id='par_1_2' title="bbox 634 614 2935 806">
     <span class='ocr_line' id='line_1_2' title="bbox 634 614 2935 704; baseline -0.001 -24"><span class='ocrx_word' id='word_1_5' title='bbox 634 624 801 682; x_wconf 77' lang='lat'>1190.</span> <span class='ocrx_word' id='word_1_6' title='bbox 823 616 972 682; x_wconf 90' lang='lat' dir='ltr'><strong>Non</strong></span> <span class='ocrx_word' id='word_1_7' title='bbox 1018 625 1117 681; x_wconf 89' lang='lat' dir='ltr'><strong>est</strong></span> <span class='ocrx_word' id='word_1_8' title='bbox 1161 615 1334 704; x_wconf 90' lang='lat' dir='ltr'><strong>quod</strong></span> <span class='ocrx_word' id='word_1_9' title='bbox 1378 615 1736 684; x_wconf 81' lang='lat' dir='ltr'><strong>insolenter</strong></span> <span class='ocrx_word' id='word_1_10' title='bbox 1779 614 2162 681; x_wconf 82' lang='lat' dir='ltr'><strong>felicitatem</strong></span> <span class='ocrx_word' id='word_1_11' title='bbox 2196 614 2488 697; x_wconf 84' lang='lat' dir='ltr'><strong>fatearis,</strong></span> <span class='ocrx_word' id='word_1_12' title='bbox 2535 614 2768 701; x_wconf 86' lang='lat' dir='ltr'><strong>†quod</strong></span> <span class='ocrx_word' id='word_1_13' title='bbox 2795 636 2935 679; x_wconf 89' lang='lat' dir='ltr'><strong>non</strong></span> 
     </span>
     <span class='ocr_line' id='line_1_3' title="bbox 818 717 1686 806; baseline 0.001 -25"><span class='ocrx_word' id='word_1_14' title='bbox 818 717 1053 783; x_wconf 89' lang='lat' dir='ltr'><strong>fuisset</strong></span> <span class='ocrx_word' id='word_1_15' title='bbox 1096 718 1221 783; x_wconf 90' lang='lat' dir='ltr'><strong>tibi</strong></span> <span class='ocrx_word' id='word_1_16' title='bbox 1265 719 1686 806; x_wconf 87' lang='lat' dir='ltr'><strong>insperatum.</strong></span> 
     </span>
    </p>

    <p class='ocr_par' dir='ltr' id='par_1_3' title="bbox 631 818 2934 989">
     <span class='ocr_line' id='line_1_4' title="bbox 631 818 2934 909; baseline -0.001 -25"><span class='ocrx_word' id='word_1_17' title='bbox 631 828 773 886; x_wconf 89' lang='lat'>120.</span> <span class='ocrx_word' id='word_1_18' title='bbox 825 820 1074 909; x_wconf 86' lang='lat' dir='ltr'><strong>Turpia</strong></span> <span class='ocrx_word' id='word_1_19' title='bbox 1102 842 1185 884; x_wconf 90' lang='lat' dir='ltr'><strong>ne</strong></span> <span class='ocrx_word' id='word_1_20' title='bbox 1217 820 1501 903; x_wconf 82' lang='lat' dir='ltr'><strong>dixer-is3</strong></span> <span class='ocrx_word' id='word_1_21' title='bbox 1537 818 1855 907; x_wconf 86' lang='lat' dir='ltr'><strong>paulatim</strong></span> <span class='ocrx_word' id='word_1_22' title='bbox 1887 821 2057 884; x_wconf 90' lang='lat' dir='ltr'><strong>enim</strong></span> <span class='ocrx_word' id='word_1_23' title='bbox 2088 819 2299 905; x_wconf 87' lang='lat' dir='ltr'><strong>pudor</strong></span> <span class='ocrx_word' id='word_1_24' title='bbox 2328 841 2544 885; x_wconf 88' lang='lat' dir='ltr'><strong>rerum</strong></span> <span class='ocrx_word' id='word_1_25' title='bbox 2573 840 2688 907; x_wconf 88' lang='lat' dir='ltr'><strong>per</strong></span> <span class='ocrx_word' id='word_1_26' title='bbox 2719 819 2934 884; x_wconf 87' lang='lat' dir='ltr'><strong>verba</strong></span> 
     </span>
     <span class='ocr_line' id='line_1_5' title="bbox 814 918 1195 1002; baseline 0.003 -16"><span class='ocrx_word' id='word_1_27' title='bbox 814 918 1195 1002; x_wconf 81' lang='lat' dir='ltr'>dediscitur.</span> 
     </span>
    </p>

    <p class='ocr_par' dir='ltr' id='par_1_4' title="bbox 634 1023 2841 1111">
     <span class='ocr_line' id='line_1_6' title="bbox 634 1023 2841 1111; baseline -0.001 -23"><span class='ocrx_word' id='word_1_28' title='bbox 634 1032 776 1090; x_wconf 93' lang='lat'>121.</span> <span class='ocrx_word' id='word_1_29' title='bbox 827 1023 938 1089; x_wconf 84' lang='lat' dir='ltr'><strong>Sic</strong></span> <span class='ocrx_word' id='word_1_30' title='bbox 982 1023 1227 1107; x_wconf 87' lang='lat' dir='ltr'><strong>habita,</strong></span> <span class='ocrx_word' id='word_1_31' title='bbox 1274 1034 1348 1090; x_wconf 92' lang='lat' dir='ltr'><strong>ut</strong></span> <span class='ocrx_word' id='word_1_32' title='bbox 1391 1025 1609 1111; x_wconf 88' lang='lat' dir='ltr'><strong>potius</strong></span> <span class='ocrx_word' id='word_1_33' title='bbox 1654 1023 1958 1101; x_wconf 79' lang='lat' dir='ltr'><strong>laudetur</strong></span> <span class='ocrx_word' id='word_1_34' title='bbox 2002 1023 2302 1110; x_wconf 89' lang='lat' dir='ltr'><strong>dominus</strong></span> <span class='ocrx_word' id='word_1_35' title='bbox 2349 1045 2541 1110; x_wconf 90' lang='lat' dir='ltr'><strong>quam</strong></span> <span class='ocrx_word' id='word_1_36' title='bbox 2587 1023 2841 1089; x_wconf 89' lang='lat' dir='ltr'><strong>domus.</strong></span> 
     </span>
    </p>

    <p class='ocr_par' dir='ltr' id='par_1_5' title="bbox 637 1123 2932 1314">
     <span class='ocr_line' id='line_1_7' title="bbox 637 1123 2932 1191; baseline -0 -2"><span class='ocrx_word' id='word_1_37' title='bbox 637 1132 776 1189; x_wconf 86' lang='lat'>122.</span> <span class='ocrx_word' id='word_1_38' title='bbox 826 1125 1415 1191; x_wconf 86' lang='lat' dir='ltr'><strong>Consuetudinaria</strong></span> <span class='ocrx_word' id='word_1_39' title='bbox 1467 1147 1573 1190; x_wconf 89' lang='lat' dir='ltr'><strong>res</strong></span> <span class='ocrx_word' id='word_1_40' title='bbox 1630 1134 1730 1190; x_wconf 89' lang='lat' dir='ltr'><strong>est</strong></span> <span class='ocrx_word' id='word_1_41' title='bbox 1784 1126 2186 1191; x_wconf 86' lang='lat' dir='ltr'><strong>innocentia:</strong></span> <span class='ocrx_word' id='word_1_42' title='bbox 2244 1126 2456 1190; x_wconf 83' lang='lat' dir='ltr'><strong>invita</strong></span> <span class='ocrx_word' id='word_1_43' title='bbox 2498 1123 2582 1190; x_wconf 87' lang='lat' dir='ltr'><strong>ab</strong></span> <span class='ocrx_word' id='word_1_44' title='bbox 2629 1146 2702 1190; x_wconf 90' lang='lat' dir='ltr'><strong>eo</strong></span> <span class='ocrx_word' id='word_1_45' title='bbox 2746 1146 2932 1188; x_wconf 89' lang='lat' dir='ltr'><strong>rece-</strong></span> 
     </span>
     <span class='ocr_line' id='line_1_8' title="bbox 818 1226 1661 1314; baseline -0.002 -22"><span class='ocrx_word' id='word_1_46' title='bbox 818 1228 937 1311; x_wconf 85' lang='lat' dir='ltr'><strong>dit,</strong></span> <span class='ocrx_word' id='word_1_47' title='bbox 987 1250 1131 1291; x_wconf 91' lang='lat' dir='ltr'><strong>cum</strong></span> <span class='ocrx_word' id='word_1_48' title='bbox 1178 1250 1304 1314; x_wconf 89' lang='lat' dir='ltr'><strong>quo</strong></span> <span class='ocrx_word' id='word_1_49' title='bbox 1351 1226 1467 1291; x_wconf 91' lang='lat' dir='ltr'><strong>diu</strong></span> <span class='ocrx_word' id='word_1_50' title='bbox 1510 1227 1661 1291; x_wconf 83' lang='lat' dir='ltr'><strong>fuit.</strong></span> 
     </span>
    </p>

    <p class='ocr_par' dir='ltr' id='par_1_6' title="bbox 636 1328 2672 1417">
     <span class='ocr_line' id='line_1_9' title="bbox 636 1328 2672 1417; baseline 0 -25"><span class='ocrx_word' id='word_1_51' title='bbox 636 1336 772 1394; x_wconf 90' lang='grc'><strong>123.</strong></span> <span class='ocrx_word' id='word_1_52' title='bbox 820 1330 967 1394; x_wconf 90' lang='lat' dir='ltr'><strong>Non</strong></span> <span class='ocrx_word' id='word_1_53' title='bbox 1013 1329 1366 1411; x_wconf 86' lang='lat' dir='ltr'><strong>damnati0‚</strong></span> <span class='ocrx_word' id='word_1_54' title='bbox 1416 1329 1534 1394; x_wconf 91' lang='lat' dir='ltr'><strong>sed</strong></span> <span class='ocrx_word' id='word_1_55' title='bbox 1578 1351 1777 1394; x_wconf 85' lang='lat' dir='ltr'><strong>causa</strong></span> <span class='ocrx_word' id='word_1_56' title='bbox 1819 1328 2147 1393; x_wconf 89' lang='lat' dir='ltr'><strong>hominem</strong></span> <span class='ocrx_word' id='word_1_57' title='bbox 2191 1338 2448 1417; x_wconf 84' lang='lat' dir='ltr'>turpem</span> <span class='ocrx_word' id='word_1_58' title='bbox 2491 1330 2672 1393; x_wconf 87' lang='lat' dir='ltr'><strong>facit.</strong></span> 
     </span>
    </p>

    <p class='ocr_par' dir='ltr' id='par_1_7' title="bbox 629 1429 2936 1609">
     <span class='ocr_line' id='line_1_10' title="bbox 629 1429 2936 1518; baseline 0 -24"><span class='ocrx_word' id='word_1_59' title='bbox 629 1437 772 1495; x_wconf 88' lang='lat'>124.</span> <span class='ocrx_word' id='word_1_60' title='bbox 819 1431 1061 1497; x_wconf 89' lang='lat' dir='ltr'><strong>Merito</strong></span> <span class='ocrx_word' id='word_1_61' title='bbox 1109 1433 1282 1496; x_wconf 89' lang='lat' dir='ltr'><strong>enim</strong></span> <span class='ocrx_word' id='word_1_62' title='bbox 1329 1429 1622 1495; x_wconf 86' lang='lat' dir='ltr'><strong>damnati</strong></span> <span class='ocrx_word' id='word_1_63' title='bbox 1665 1452 1874 1518; x_wconf 90' lang='lat' dir='ltr'><strong>poena</strong></span> <span class='ocrx_word' id='word_1_64' title='bbox 1921 1440 2021 1496; x_wconf 93' lang='lat' dir='ltr'><strong>est</strong></span> <span class='ocrx_word' id='word_1_65' title='bbox 2066 1430 2418 1512; x_wconf 89' lang='lat' dir='ltr'><strong>damnati0‚</strong></span> <span class='ocrx_word' id='word_1_66' title='bbox 2466 1430 2770 1496; x_wconf 83' lang='lat' dir='ltr'><strong>inmerito</strong></span> <span class='ocrx_word' id='word_1_67' title='bbox 2818 1430 2936 1494; x_wconf 89' lang='lat' dir='ltr'><strong>da-</strong></span> 
     </span>
     <span class='ocr_line' id='line_1_11' title="bbox 814 1532 1425 1609; baseline 0.002 -13"><span class='ocrx_word' id='word_1_68' title='bbox 814 1534 1021 1598; x_wconf 87' lang='lat' dir='ltr'><strong>mnati</strong></span> <span class='ocrx_word' id='word_1_69' title='bbox 1059 1532 1425 1609; x_wconf 83' lang='lat' dir='ltr'><strong>calamitas.</strong></span> 
     </span>
    </p>

    <p class='ocr_par' dir='ltr' id='par_1_8' title="bbox 637 1633 2831 1722">
     <span class='ocr_line' id='line_1_12' title="bbox 637 1633 2831 1722; baseline 0 -24"><span class='ocrx_word' id='word_1_70' title='bbox 637 1640 777 1698; x_wconf 87' lang='lat'>125.</span> <span class='ocrx_word' id='word_1_71' title='bbox 826 1634 898 1700; x_wconf 89' lang='lat' dir='ltr'><strong>Si</strong></span> <span class='ocrx_word' id='word_1_72' title='bbox 941 1633 1191 1721; x_wconf 87' lang='lat' dir='ltr'><strong>aliquid</strong></span> <span class='ocrx_word' id='word_1_73' title='bbox 1240 1635 1662 1720; x_wconf 84' lang='lat' dir='ltr'><strong>cogitaveris,</strong></span> <span class='ocrx_word' id='word_1_74' title='bbox 1711 1635 1839 1699; x_wconf 91' lang='lat' dir='ltr'><strong>cito</strong></span> <span class='ocrx_word' id='word_1_75' title='bbox 1883 1634 2226 1722; x_wconf 84' lang='lat' dir='ltr'><strong>apparebit</strong></span> <span class='ocrx_word' id='word_1_76' title='bbox 2246 1633 2831 1716; x_wconf 69' lang='lat' dir='ltr'><strong>conversantibus.</strong></span> 
     </span>
    </p>

    <p class='ocr_par' dir='ltr' id='par_1_9' title="bbox 635 1734 2935 1922">
     <span class='ocr_line' id='line_1_13' title="bbox 635 1734 2935 1824; baseline 0.002 -25"><span class='ocrx_word' id='word_1_77' title='bbox 635 1743 776 1802; x_wconf 88' lang='lat'>126.</span> <span class='ocrx_word' id='word_1_78' title='bbox 822 1736 1056 1800; x_wconf 72' lang='lat' dir='ltr'><strong>Videri</strong></span> <span class='ocrx_word' id='word_1_79' title='bbox 1105 1738 1207 1801; x_wconf 86' lang='lat' dir='ltr'><strong>vis</strong></span> <span class='ocrx_word' id='word_1_80' title='bbox 1253 1734 1338 1800; x_wconf 90' lang='lat' dir='ltr'><strong>ab</strong></span> <span class='ocrx_word' id='word_1_81' title='bbox 1381 1735 1758 1802; x_wconf 90' lang='lat' dir='ltr'><strong>hominibus</strong></span> <span class='ocrx_word' id='word_1_82' title='bbox 1804 1758 1890 1800; x_wconf 86' lang='lat' dir='ltr'><strong>an</strong></span> <span class='ocrx_word' id='word_1_83' title='bbox 1932 1736 2114 1802; x_wconf 79' lang='lat' dir='ltr'><strong>non?</strong></span> <span class='ocrx_word' id='word_1_84' title='bbox 2159 1736 2534 1824; x_wconf 83' lang='lat' dir='ltr'><strong>Numquam</strong></span> <span class='ocrx_word' id='word_1_85' title='bbox 2577 1737 2788 1802; x_wconf 90' lang='lat' dir='ltr'><strong>bonae</strong></span> <span class='ocrx_word' id='word_1_86' title='bbox 2817 1737 2935 1803; x_wconf 92' lang='lat' dir='ltr'><strong>ho-</strong></span> 
     </span>
     <span class='ocr_line' id='line_1_14' title="bbox 819 1836 1878 1922; baseline 0.002 -22"><span class='ocrx_word' id='word_1_87' title='bbox 819 1839 1095 1902; x_wconf 89' lang='lat' dir='ltr'><strong>nestatis</strong></span> <span class='ocrx_word' id='word_1_88' title='bbox 1141 1836 1335 1922; x_wconf 84' lang='lat' dir='ltr'><strong>longa</strong></span> <span class='ocrx_word' id='word_1_89' title='bbox 1380 1836 1710 1903; x_wconf 76' lang='lat' dir='ltr'><strong>simulatio</strong></span> <span class='ocrx_word' id='word_1_90' title='bbox 1758 1847 1878 1903; x_wconf 89' lang='lat' dir='ltr'><strong>est.</strong></span> 
     </span>
    </p>

    <p class='ocr_par' dir='ltr' id='par_1_10' title="bbox 638 1937 2718 2024">
     <span class='ocr_line' id='line_1_15' title="bbox 638 1937 2718 2024; baseline 0.001 -22"><span class='ocrx_word' id='word_1_91' title='bbox 638 1946 778 2004; x_wconf 86' lang='grc'><strong>127.</strong></span> <span class='ocrx_word' id='word_1_92' title='bbox 829 1938 1025 2020; x_wconf 81' lang='lat' dir='ltr'><strong>Quod</strong></span> <span class='ocrx_word' id='word_1_93' title='bbox 1070 1938 1152 2003; x_wconf 88' lang='lat' dir='ltr'><strong>de</strong></span> <span class='ocrx_word' id='word_1_94' title='bbox 1195 1937 1428 2004; x_wconf 90' lang='lat' dir='ltr'><strong>alienis</strong></span> <span class='ocrx_word' id='word_1_95' title='bbox 1472 1940 1803 2004; x_wconf 90' lang='lat' dir='ltr'><strong>mentibus</strong></span> <span class='ocrx_word' id='word_1_96' title='bbox 1848 1950 2113 2024; x_wconf 83' lang='lat' dir='ltr'><strong>tractas,</strong></span> <span class='ocrx_word' id='word_1_97' title='bbox 2162 1963 2245 2004; x_wconf 86' lang='lat' dir='ltr'><strong>ex</strong></span> <span class='ocrx_word' id='word_1_98' title='bbox 2287 1951 2402 2005; x_wconf 87' lang='lat' dir='ltr'><strong>tua</strong></span> <span class='ocrx_word' id='word_1_99' title='bbox 2444 1941 2718 2005; x_wconf 75' lang='lat' dir='ltr'><strong>iudices,</strong></span> 
     </span>
    </p>

    <p class='ocr_par' dir='ltr' id='par_1_11' title="bbox 639 2039 2934 2228">
     <span class='ocr_line' id='line_1_16' title="bbox 639 2039 2934 2129; baseline 0 -24"><span class='ocrx_word' id='word_1_100' title='bbox 639 2047 778 2106; x_wconf 85' lang='lat'>128.</span> <span class='ocrx_word' id='word_1_101' title='bbox 826 2039 1024 2105; x_wconf 86' lang='lat' dir='ltr'><strong>Multi</strong></span> <span class='ocrx_word' id='word_1_102' title='bbox 1079 2049 1229 2104; x_wconf 90' lang='lat' dir='ltr'><strong>sunt</strong></span> <span class='ocrx_word' id='word_1_103' title='bbox 1273 2040 1642 2126; x_wconf 84' lang='lat' dir='ltr'><strong>obligandi,</strong></span> <span class='ocrx_word' id='word_1_104' title='bbox 1703 2044 1897 2129; x_wconf 89' lang='lat' dir='ltr'><strong>pauci</strong></span> <span class='ocrx_word' id='word_1_105' title='bbox 1942 2051 2094 2107; x_wconf 90' lang='lat' dir='ltr'><strong>sunt</strong></span> <span class='ocrx_word' id='word_1_106' title='bbox 2137 2041 2540 2107; x_wconf 87' lang='lat' dir='ltr'><strong>offendendi:</strong></span> <span class='ocrx_word' id='word_1_107' title='bbox 2599 2064 2751 2105; x_wconf 89' lang='lat' dir='ltr'><strong>nam</strong></span> <span class='ocrx_word' id='word_1_108' title='bbox 2795 2064 2934 2105; x_wconf 91' lang='lat' dir='ltr'><strong>me-</strong></span> 
     </span>
     <span class='ocr_line' id='line_1_17' title="bbox 827 2142 2706 2228; baseline 0.001 -22"><span class='ocrx_word' id='word_1_109' title='bbox 827 2144 1035 2207; x_wconf 86' lang='lat' dir='ltr'><strong>moria</strong></span> <span class='ocrx_word' id='word_1_110' title='bbox 1076 2142 1537 2207; x_wconf 88' lang='lat' dir='ltr'><strong>beneficiorum</strong></span> <span class='ocrx_word' id='word_1_111' title='bbox 1585 2143 1842 2228; x_wconf 87' lang='lat' dir='ltr'><strong>fragilis</strong></span> <span class='ocrx_word' id='word_1_112' title='bbox 1890 2153 2010 2226; x_wconf 84' lang='lat' dir='ltr'><strong>est,</strong></span> <span class='ocrx_word' id='word_1_113' title='bbox 2055 2145 2439 2208; x_wconf 87' lang='lat' dir='ltr'><strong>iniuriarum</strong></span> <span class='ocrx_word' id='word_1_114' title='bbox 2484 2154 2706 2209; x_wconf 86' lang='lat' dir='ltr'><strong>tenax.</strong></span> 
     </span>
    </p>

    <p class='ocr_par' dir='ltr' id='par_1_12' title="bbox 637 2243 2935 2536">
     <span class='ocr_line' id='line_1_18' title="bbox 637 2243 2935 2332; baseline 0.001 -25"><span class='ocrx_word' id='word_1_115' title='bbox 637 2251 776 2309; x_wconf 88' lang='grc'><strong>129.</strong></span> <span class='ocrx_word' id='word_1_116' title='bbox 828 2243 1295 2330; x_wconf 84' lang='lat' dir='ltr'><strong>Obiurgationi</strong></span> <span class='ocrx_word' id='word_1_117' title='bbox 1362 2266 1620 2332; x_wconf 82' lang='lat' dir='ltr'><strong>semper</strong></span> <span class='ocrx_word' id='word_1_118' title='bbox 1683 2245 1932 2331; x_wconf 86' lang='lat' dir='ltr'><strong>aliquid</strong></span> <span class='ocrx_word' id='word_1_119' title='bbox 1992 2245 2217 2310; x_wconf 87' lang='lat' dir='ltr'><strong>blandi</strong></span> <span class='ocrx_word' id='word_1_120' title='bbox 2281 2245 2602 2311; x_wconf 82' lang='lat' dir='ltr'><strong>admisce:</strong></span> <span class='ocrx_word' id='word_1_121' title='bbox 2671 2244 2935 2310; x_wconf 87' lang='lat' dir='ltr'><strong>facilius</strong></span> 
     </span>
     <span class='ocr_line' id='line_1_19' title="bbox 827 2346 2931 2435; baseline 0.001 -27"><span class='ocrx_word' id='word_1_122' title='bbox 827 2346 1002 2409; x_wconf 88' lang='lat' dir='ltr'><strong>enim</strong></span> <span class='ocrx_word' id='word_1_123' title='bbox 1042 2355 1387 2433; x_wconf 88' lang='lat' dir='ltr'><strong>penetrant</strong></span> <span class='ocrx_word' id='word_1_124' title='bbox 1416 2346 1621 2411; x_wconf 86' lang='lat' dir='ltr'><strong>verba</strong></span> <span class='ocrx_word' id='word_1_125' title='bbox 1654 2368 1819 2433; x_wconf 89' lang='lat' dir='ltr'><strong>quae</strong></span> <span class='ocrx_word' id='word_1_126' title='bbox 1848 2346 2034 2413; x_wconf 93' lang='lat' dir='ltr'><strong>molli</strong></span> <span class='ocrx_word' id='word_1_127' title='bbox 2064 2347 2316 2413; x_wconf 88' lang='lat' dir='ltr'><strong>vadunt</strong></span> <span class='ocrx_word' id='word_1_128' title='bbox 2345 2349 2455 2411; x_wconf 87' lang='lat' dir='ltr'><strong>via</strong></span> <span class='ocrx_word' id='word_1_129' title='bbox 2487 2370 2678 2435; x_wconf 88' lang='lat' dir='ltr'><strong>quam</strong></span> <span class='ocrx_word' id='word_1_130' title='bbox 2712 2346 2931 2435; x_wconf 85' lang='lat' dir='ltr'><strong>[quae]</strong></span> 
     </span>
     <span class='ocr_line' id='line_1_20' title="bbox 823 2448 2863 2536; baseline 0.001 -26"><span class='ocrx_word' id='word_1_131' title='bbox 823 2469 1085 2534; x_wconf 87' lang='lat' dir='ltr'><strong>aspera:</strong></span> <span class='ocrx_word' id='word_1_132' title='bbox 1131 2469 1321 2513; x_wconf 90' lang='lat' dir='ltr'><strong>nemo</strong></span> <span class='ocrx_word' id='word_1_133' title='bbox 1368 2449 1542 2512; x_wconf 92' lang='lat' dir='ltr'><strong>enim</strong></span> <span class='ocrx_word' id='word_1_134' title='bbox 1586 2470 1658 2513; x_wconf 89' lang='lat' dir='ltr'><strong>se</strong></span> <span class='ocrx_word' id='word_1_135' title='bbox 1702 2458 1933 2533; x_wconf 84' lang='lat' dir='ltr'><strong>mutat,</strong></span> <span class='ocrx_word' id='word_1_136' title='bbox 1983 2451 2095 2535; x_wconf 90' lang='lat' dir='ltr'><strong>qui</strong></span> <span class='ocrx_word' id='word_1_137' title='bbox 2137 2451 2376 2514; x_wconf 86' lang='lat' dir='ltr'><strong>mutari</strong></span> <span class='ocrx_word' id='word_1_138' title='bbox 2422 2471 2492 2514; x_wconf 87' lang='lat' dir='ltr'><strong>se</strong></span> <span class='ocrx_word' id='word_1_139' title='bbox 2537 2448 2863 2536; x_wconf 85' lang='lat' dir='ltr'><strong>desperet.</strong></span> 
     </span>
    </p>
   </div>
   <div class='ocr_carea' id='block_1_3' title="bbox 625 2606 1031 2616">
    <p class='ocr_par' dir='ltr' id='par_1_13' title="bbox 625 2606 1031 2616">
     <span class='ocr_line' id='line_1_21' title="bbox 625 2606 1031 2616; baseline 0 2568"><span class='ocrx_word' id='word_1_140' title='bbox 625 2606 1031 2616; x_wconf 95' lang='lat' dir='ltr'><strong> </strong></span> 
     </span>
    </p>
   </div>
   <div class='ocr_carea' id='block_1_4' title="bbox 561 2708 2946 4313">
    <p class='ocr_par' dir='ltr' id='par_1_14' title="bbox 561 2708 2940 4313">
     <span class='ocr_line' id='line_1_22' title="bbox 561 2708 2746 2783; baseline 0 -17"><span class='ocrx_word' id='word_1_141' title='bbox 561 2754 566 2760; x_wconf 95' lang='lat'>.</span> <span class='ocrx_word' id='word_1_142' title='bbox 628 2708 697 2779; x_wconf 81' lang='lat' dir='ltr'><strong>S,</strong></span> <span class='ocrx_word' id='word_1_143' title='bbox 751 2713 810 2767; x_wconf 78' lang='lat' dir='ltr'><strong>in</strong></span> <span class='ocrx_word' id='word_1_144' title='bbox 853 2728 964 2783; x_wconf 82' lang='lat' dir='ltr'><strong>quo</strong></span> <span class='ocrx_word' id='word_1_145' title='bbox 1013 2712 1151 2767; x_wconf 88' lang='lat' dir='ltr'><strong>ordo</strong></span> <span class='ocrx_word' id='word_1_146' title='bbox 1198 2711 1501 2768; x_wconf 81' lang='lat' dir='ltr'><strong>verborum</strong></span> <span class='ocrx_word' id='word_1_147' title='bbox 1543 2713 1713 2769; x_wconf 83' lang='lat' dir='ltr'><strong>valde</strong></span> <span class='ocrx_word' id='word_1_148' title='bbox 1755 2712 2026 2768; x_wconf 80' lang='lat' dir='ltr'><strong>turbatus</strong></span> <span class='ocrx_word' id='word_1_149' title='bbox 2068 2718 2185 2782; x_wconf 83' lang='lat' dir='ltr'><strong>est,</strong></span> <span class='ocrx_word' id='word_1_150' title='bbox 2241 2712 2482 2783; x_wconf 76' lang='lat' dir='ltr'><strong>accipere</strong></span> <span class='ocrx_word' id='word_1_151' title='bbox 2524 2709 2620 2766; x_wconf 84' lang='lat' dir='ltr'><strong>tibi</strong></span> <span class='ocrx_word' id='word_1_152' title='bbox 2664 2711 2746 2767; x_wconf 83' lang='lat' dir='ltr'><strong>Ga</strong></span> 
     </span>
     <span class='ocr_line' id='line_1_23' title="bbox 631 2793 2935 2869; baseline 0 -18"><span class='ocrx_word' id='word_1_153' title='bbox 631 2793 791 2851; x_wconf 71' lang='grc' dir='ltr'><strong>119ο</strong></span> <span class='ocrx_word' id='word_1_154' title='bbox 842 2795 1026 2852; x_wconf 80' lang='lat' dir='ltr'><strong><em>GSV=</em></strong></span> <span class='ocrx_word' id='word_1_155' title='bbox 1072 2814 1177 2851; x_wconf 89' lang='lat' dir='ltr'><strong>om.</strong></span> <span class='ocrx_word' id='word_1_156' title='bbox 1213 2797 1364 2852; x_wconf 79' lang='lat' dir='ltr'><strong>editt.</strong></span> <span class='ocrx_word' id='word_1_157' title='bbox 1399 2802 1455 2852; x_wconf 79' lang='lat' dir='ltr'><strong>et</strong></span> <span class='ocrx_word' id='word_1_158' title='bbox 1485 2798 1651 2853; x_wconf 84' lang='lat' dir='ltr'>codd.</span> <span class='ocrx_word' id='word_1_159' title='bbox 1686 2811 1842 2853; x_wconf 77' lang='lat' dir='ltr'><strong>rece.</strong></span> <span class='ocrx_word' id='word_1_160' title='bbox 2038 2812 2149 2852; x_wconf 89' lang='lat' dir='ltr'><strong>non</strong></span> <span class='ocrx_word' id='word_1_161' title='bbox 2181 2802 2265 2850; x_wconf 88' lang='lat' dir='ltr'><strong>est</strong></span> <span class='ocrx_word' id='word_1_162' title='bbox 2299 2794 2445 2869; x_wconf 86' lang='lat' dir='ltr'><strong>quod</strong></span> <span class='ocrx_word' id='word_1_163' title='bbox 2480 2795 2639 2852; x_wconf 84' lang='lat' dir='ltr'><em>GbS:</em></span> <span class='ocrx_word' id='word_1_164' title='bbox 2669 2812 2779 2851; x_wconf 87' lang='lat' dir='ltr'><strong>non</strong></span> <span class='ocrx_word' id='word_1_165' title='bbox 2813 2797 2935 2868; x_wconf 90' lang='lat' dir='ltr'><strong>qui-</strong></span> 
     </span>
     <span class='ocr_line' id='line_1_24' title="bbox 633 2878 2935 2954; baseline 0 -19"><span class='ocrx_word' id='word_1_166' title='bbox 633 2878 753 2935; x_wconf 88' lang='lat' dir='ltr'><strong>dem</strong></span> <span class='ocrx_word' id='word_1_167' title='bbox 792 2880 909 2951; x_wconf 84' lang='lat' dir='ltr'><strong>Ga,</strong></span> <span class='ocrx_word' id='word_1_168' title='bbox 952 2880 1286 2954; x_wconf 88' lang='lat' dir='ltr'><strong>nunquidem</strong></span> <span class='ocrx_word' id='word_1_169' title='bbox 1335 2881 1384 2938; x_wconf 81' lang='lat' dir='ltr'><em>V</em></span> <span class='ocrx_word' id='word_1_170' title='bbox 1560 2880 1777 2937; x_wconf 76' lang='lat' dir='ltr'><strong>fatearis</strong></span> <span class='ocrx_word' id='word_1_171' title='bbox 1823 2881 1982 2938; x_wconf 83' lang='lat' dir='ltr'><strong><em>GbS:</em></strong></span> <span class='ocrx_word' id='word_1_172' title='bbox 2026 2881 2211 2936; x_wconf 78' lang='lat' dir='ltr'><strong>fateris</strong></span> <span class='ocrx_word' id='word_1_173' title='bbox 2260 2881 2372 2950; x_wconf 84' lang='lat' dir='ltr'><strong>Ga,</strong></span> <span class='ocrx_word' id='word_1_174' title='bbox 2422 2881 2630 2953; x_wconf 86' lang='lat' dir='ltr'><strong>poteris</strong></span> <span class='ocrx_word' id='word_1_175' title='bbox 2673 2879 2748 2943; x_wconf 82' lang='lat' dir='ltr'><strong>V,-</strong></span> <span class='ocrx_word' id='word_1_176' title='bbox 2784 2879 2935 2952; x_wconf 78' lang='lat' dir='ltr'><strong>sort.</strong></span> 
     </span>
     <span class='ocr_line' id='line_1_25' title="bbox 625 2961 2934 3039; baseline 0.001 -20"><span class='ocrx_word' id='word_1_177' title='bbox 625 2962 930 3038; x_wconf 81' lang='lat' dir='ltr'><strong>Numquam</strong></span> <span class='ocrx_word' id='word_1_178' title='bbox 977 2965 1280 3023; x_wconf 80' lang='lat' dir='ltr'><strong>insolenter</strong></span> <span class='ocrx_word' id='word_1_179' title='bbox 1322 2965 1531 3022; x_wconf 84' lang='lat' dir='ltr'><strong>felicem</strong></span> <span class='ocrx_word' id='word_1_180' title='bbox 1566 2973 1621 3021; x_wconf 91' lang='lat' dir='ltr'><strong>te</strong></span> <span class='ocrx_word' id='word_1_181' title='bbox 1652 2965 1899 3039; x_wconf 75' lang='lat' dir='ltr'><strong>fateariS,</strong></span> <span class='ocrx_word' id='word_1_182' title='bbox 1945 2969 2033 3023; x_wconf 87' lang='lat' dir='ltr'><strong>vel</strong></span> <span class='ocrx_word' id='word_1_183' title='bbox 2062 2963 2334 3038; x_wconf 87' lang='lat' dir='ltr'><strong>Numquid</strong></span> <span class='ocrx_word' id='word_1_184' title='bbox 2369 3007 2382 3020; x_wconf 97' lang='lat'><strong>.</strong></span> <span class='ocrx_word' id='word_1_185' title='bbox 2421 3007 2435 3021; x_wconf 91' lang='lat'><strong>.</strong></span> <span class='ocrx_word' id='word_1_186' title='bbox 2470 3008 2483 3021; x_wconf 97' lang='lat'><strong>.</strong></span> <span class='ocrx_word' id='word_1_187' title='bbox 2518 2961 2770 3021; x_wconf 75' lang='lat' dir='ltr'><strong>fateberis</strong></span> <span class='ocrx_word' id='word_1_188' title='bbox 2801 2968 2934 3022; x_wconf 88' lang='lat' dir='ltr'><strong>coll.</strong></span> 
     </span>
     <span class='ocr_line' id='line_1_26' title="bbox 632 3045 2933 3126; baseline 0 -22"><span class='ocrx_word' id='word_1_189' title='bbox 632 3047 667 3119; x_wconf 71' lang='lat' dir='ltr'>S</span> <span class='ocrx_word' id='word_1_190' title='bbox 705 3048 825 3105; x_wconf 90' lang='grc'><strong>142</strong></span> <span class='ocrx_word' id='word_1_191' title='bbox 982 3049 1151 3106; x_wconf 79' lang='lat' dir='ltr'><strong>fuisse</strong></span> <span class='ocrx_word' id='word_1_192' title='bbox 1184 3049 1266 3107; x_wconf 87' lang='lat' dir='ltr'><strong>Gb</strong></span> <span class='ocrx_word' id='word_1_193' title='bbox 1440 3045 1476 3083; x_wconf 70' lang='lat'><strong>’¹‘</strong></span> <span class='ocrx_word' id='word_1_194' title='bbox 1506 3051 1870 3125; x_wconf 83' lang='lat' dir='ltr'><strong>insperatum:</strong></span> <span class='ocrx_word' id='word_1_195' title='bbox 1902 3052 2222 3126; x_wconf 84' lang='lat' dir='ltr'><strong>inspiratum</strong></span> <span class='ocrx_word' id='word_1_196' title='bbox 2256 3049 2416 3107; x_wconf 85' lang='lat' dir='ltr'><strong>GSV</strong></span> <span class='ocrx_word' id='word_1_197' title='bbox 2584 3049 2707 3106; x_wconf 83' lang='lat'>120</span> <span class='ocrx_word' id='word_1_198' title='bbox 2748 3066 2933 3106; x_wconf 86' lang='lat' dir='ltr'><strong>rerum</strong></span> 
     </span>
     <span class='ocr_line' id='line_1_27' title="bbox 630 3133 2934 3209; baseline -0 -19"><span class='ocrx_word' id='word_1_199' title='bbox 630 3151 737 3190; x_wconf 91' lang='lat' dir='ltr'><strong>om.</strong></span> <span class='ocrx_word' id='word_1_200' title='bbox 778 3137 941 3208; x_wconf 78' lang='lat' dir='ltr'><strong>vulyo</strong></span> <span class='ocrx_word' id='word_1_201' title='bbox 1059 3134 1357 3191; x_wconf 86' lang='lat' dir='ltr'><strong>dediscitur</strong></span> <span class='ocrx_word' id='word_1_202' title='bbox 1389 3136 1467 3192; x_wconf 82' lang='lat' dir='ltr'>G.-</span> <span class='ocrx_word' id='word_1_203' title='bbox 1497 3134 1724 3191; x_wconf 85' lang='lat' dir='ltr'><strong>discitur</strong></span> <span class='ocrx_word' id='word_1_204' title='bbox 1757 3136 1819 3208; x_wconf 90' lang='lat' dir='ltr'><strong>S,</strong></span> <span class='ocrx_word' id='word_1_205' title='bbox 1851 3136 2142 3192; x_wconf 77' lang='lat' dir='ltr'><strong>discutitur</strong></span> <span class='ocrx_word' id='word_1_206' title='bbox 2172 3138 2337 3209; x_wconf 71' lang='lat' dir='ltr'><strong>vulyo</strong></span> <span class='ocrx_word' id='word_1_207' title='bbox 2455 3133 2573 3191; x_wconf 88' lang='grc'><strong>121</strong></span> <span class='ocrx_word' id='word_1_208' title='bbox 2623 3133 2736 3190; x_wconf 80' lang='lat' dir='ltr'><strong>Cic.</strong></span> <span class='ocrx_word' id='word_1_209' title='bbox 2771 3134 2934 3207; x_wconf 79' lang='lat' dir='ltr'><strong>offic.</strong></span> 
     </span>
     <span class='ocr_line' id='line_1_28' title="bbox 634 3218 2932 3293; baseline 0 -19"><span class='ocrx_word' id='word_1_210' title='bbox 634 3219 705 3290; x_wconf 93' lang='grc'><strong>1,</strong></span> <span class='ocrx_word' id='word_1_211' title='bbox 741 3218 856 3291; x_wconf 89' lang='grc'><strong>39,</strong></span> <span class='ocrx_word' id='word_1_212' title='bbox 895 3218 1013 3275; x_wconf 88' lang='grc'><strong>139</strong></span> <span class='ocrx_word' id='word_1_213' title='bbox 1071 3220 1196 3275; x_wconf 85' lang='lat' dir='ltr'><strong>‘nee</strong></span> <span class='ocrx_word' id='word_1_214' title='bbox 1239 3218 1402 3276; x_wconf 86' lang='lat' dir='ltr'><strong>domo</strong></span> <span class='ocrx_word' id='word_1_215' title='bbox 1446 3220 1733 3293; x_wconf 77' lang='lat' dir='ltr'><strong>dominuS,</strong></span> <span class='ocrx_word' id='word_1_216' title='bbox 1784 3219 1879 3276; x_wconf 89' lang='lat' dir='ltr'><strong>sed</strong></span> <span class='ocrx_word' id='word_1_217' title='bbox 1925 3218 2144 3276; x_wconf 86' lang='lat' dir='ltr'><strong>domino</strong></span> <span class='ocrx_word' id='word_1_218' title='bbox 2189 3219 2383 3275; x_wconf 85' lang='lat' dir='ltr'><strong>domus</strong></span> <span class='ocrx_word' id='word_1_219' title='bbox 2426 3218 2756 3275; x_wconf 88' lang='lat' dir='ltr'><strong>honestanda</strong></span> <span class='ocrx_word' id='word_1_220' title='bbox 2799 3218 2932 3274; x_wconf 88' lang='lat' dir='ltr'><strong>est&#39;.</strong></span> 
     </span>
     <span class='ocr_line' id='line_1_29' title="bbox 628 3303 2937 3378; baseline -0.001 -19"><span class='ocrx_word' id='word_1_221' title='bbox 628 3303 815 3360; x_wconf 80' lang='lat' dir='ltr'><strong>Mart.</strong></span> <span class='ocrx_word' id='word_1_222' title='bbox 848 3304 1018 3360; x_wconf 84' lang='lat' dir='ltr'><strong>Dum.</strong></span> <span class='ocrx_word' id='word_1_223' title='bbox 1051 3307 1122 3360; x_wconf 84' lang='lat' dir='ltr'><strong>de</strong></span> <span class='ocrx_word' id='word_1_224' title='bbox 1147 3305 1325 3377; x_wconf 85' lang='lat' dir='ltr'><strong>form.</strong></span> <span class='ocrx_word' id='word_1_225' title='bbox 1359 3305 1491 3362; x_wconf 74' lang='lat' dir='ltr'><strong>hon.</strong></span> <span class='ocrx_word' id='word_1_226' title='bbox 1525 3309 1677 3363; x_wconf 82' lang='lat' dir='ltr'><strong>vitae</strong></span> <span class='ocrx_word' id='word_1_227' title='bbox 1707 3304 1779 3378; x_wconf 94' lang='lat'><strong>4,</strong></span> <span class='ocrx_word' id='word_1_228' title='bbox 1813 3304 1850 3359; x_wconf 91' lang='lat'>5</span> <span class='ocrx_word' id='word_1_229' title='bbox 1894 3305 2017 3361; x_wconf 77' lang='lat' dir='ltr'><strong>‘nec</strong></span> <span class='ocrx_word' id='word_1_230' title='bbox 2059 3304 2337 3361; x_wconf 90' lang='lat' dir='ltr'><strong>dominum</strong></span> <span class='ocrx_word' id='word_1_231' title='bbox 2367 3304 2501 3360; x_wconf 84' lang='lat' dir='ltr'><strong>velis</strong></span> <span class='ocrx_word' id='word_1_232' title='bbox 2532 3320 2651 3359; x_wconf 86' lang='lat' dir='ltr'><strong>esse</strong></span> <span class='ocrx_word' id='word_1_233' title='bbox 2681 3311 2873 3358; x_wconf 88' lang='lat' dir='ltr'><strong>notum</strong></span> <span class='ocrx_word' id='word_1_234' title='bbox 2908 3321 2937 3358; x_wconf 90' lang='lat' dir='ltr'><strong>a</strong></span> 
     </span>
     <span class='ocr_line' id='line_1_30' title="bbox 625 3386 2938 3461; baseline 0 -18"><span class='ocrx_word' id='word_1_235' title='bbox 625 3387 827 3461; x_wconf 89' lang='lat' dir='ltr'><strong>dumo,</strong></span> <span class='ocrx_word' id='word_1_236' title='bbox 878 3387 973 3444; x_wconf 90' lang='lat' dir='ltr'><strong>sed</strong></span> <span class='ocrx_word' id='word_1_237' title='bbox 1006 3387 1223 3445; x_wconf 86' lang='lat' dir='ltr'><strong>domum</strong></span> <span class='ocrx_word' id='word_1_238' title='bbox 1257 3406 1284 3444; x_wconf 88' lang='lat' dir='ltr'><strong>a</strong></span> <span class='ocrx_word' id='word_1_239' title='bbox 1318 3389 1585 3447; x_wconf 88' lang='lat' dir='ltr'><strong>domino’.</strong></span> <span class='ocrx_word' id='word_1_240' title='bbox 1763 3389 1882 3446; x_wconf 88' lang='grc'><strong>122</strong></span> <span class='ocrx_word' id='word_1_241' title='bbox 1928 3391 2093 3445; x_wconf 86' lang='lat' dir='ltr'><strong>invita</strong></span> <span class='ocrx_word' id='word_1_242' title='bbox 2132 3389 2202 3446; x_wconf 90' lang='lat' dir='ltr'><strong>S.-</strong></span> <span class='ocrx_word' id='word_1_243' title='bbox 2247 3391 2300 3444; x_wconf 91' lang='lat' dir='ltr'><strong>in</strong></span> <span class='ocrx_word' id='word_1_244' title='bbox 2346 3390 2450 3444; x_wconf 87' lang='lat' dir='ltr'><strong>vita</strong></span> <span class='ocrx_word' id='word_1_245' title='bbox 2484 3389 2601 3451; x_wconf 82' lang='lat' dir='ltr'><strong>Ga..</strong></span> <span class='ocrx_word' id='word_1_246' title='bbox 2644 3386 2938 3444; x_wconf 79' lang='lat' dir='ltr'><strong>invitabilia</strong></span> 
     </span>
     <span class='ocr_line' id='line_1_31' title="bbox 633 3471 2940 3537; baseline -0.001 -8"><span class='ocrx_word' id='word_1_247' title='bbox 633 3473 715 3537; x_wconf 87' lang='lat' dir='ltr'><strong>P,·</strong></span> <span class='ocrx_word' id='word_1_248' title='bbox 746 3475 909 3530; x_wconf 86' lang='lat' dir='ltr'><strong>invita</strong></span> <span class='ocrx_word' id='word_1_249' title='bbox 944 3514 958 3527; x_wconf 97' lang='lat'><strong>.</strong></span> <span class='ocrx_word' id='word_1_250' title='bbox 993 3514 1007 3528; x_wconf 92' lang='lat'><strong>.</strong></span> <span class='ocrx_word' id='word_1_251' title='bbox 1043 3514 1057 3528; x_wconf 92' lang='lat'><strong>.</strong></span> <span class='ocrx_word' id='word_1_252' title='bbox 1092 3473 1194 3530; x_wconf 84' lang='lat' dir='ltr'><strong>fuit</strong></span> <span class='ocrx_word' id='word_1_253' title='bbox 1226 3492 1331 3531; x_wconf 87' lang='lat' dir='ltr'><strong>om.</strong></span> <span class='ocrx_word' id='word_1_254' title='bbox 1365 3477 1526 3531; x_wconf 83' lang='lat' dir='ltr'><strong>codd.</strong></span> <span class='ocrx_word' id='word_1_255' title='bbox 1560 3491 1720 3531; x_wconf 77' lang='lat' dir='ltr'><strong>rece.</strong></span> <span class='ocrx_word' id='word_1_256' title='bbox 1755 3482 1809 3531; x_wconf 85' lang='lat' dir='ltr'><strong>et</strong></span> <span class='ocrx_word' id='word_1_257' title='bbox 1840 3477 1965 3532; x_wconf 84' lang='lat' dir='ltr'><strong>edd.</strong></span> <span class='ocrx_word' id='word_1_258' title='bbox 2140 3472 2260 3530; x_wconf 87' lang='lat'><strong>124</strong></span> <span class='ocrx_word' id='word_1_259' title='bbox 2308 3473 2427 3529; x_wconf 82' lang='lat' dir='ltr'><strong>GS:</strong></span> <span class='ocrx_word' id='word_1_260' title='bbox 2471 3474 2663 3529; x_wconf 88' lang='lat' dir='ltr'><strong>merito</strong></span> <span class='ocrx_word' id='word_1_261' title='bbox 2696 3471 2940 3528; x_wconf 87' lang='lat' dir='ltr'><strong>damnari</strong></span> 
     </span>
     <span class='ocr_line' id='line_1_32' title="bbox 626 3553 2819 3635; baseline 0 -22"><span class='ocrx_word' id='word_1_262' title='bbox 626 3574 803 3630; x_wconf 89' lang='lat' dir='ltr'><strong>poena</strong></span> <span class='ocrx_word' id='word_1_263' title='bbox 840 3553 1129 3635; x_wconf 84' lang='lat' dir='ltr'><strong>[damnati]</strong></span> <span class='ocrx_word' id='word_1_264' title='bbox 1166 3568 1275 3621; x_wconf 82' lang='lat' dir='ltr'><strong>est:</strong></span> <span class='ocrx_word' id='word_1_265' title='bbox 1309 3559 1579 3615; x_wconf 85' lang='lat' dir='ltr'><strong>damnatio</strong></span> <span class='ocrx_word' id='word_1_266' title='bbox 1612 3560 1874 3615; x_wconf 87' lang='lat' dir='ltr'><strong>immerita</strong></span> <span class='ocrx_word' id='word_1_267' title='bbox 1905 3558 2206 3616; x_wconf 88' lang='lat' dir='ltr'><strong>damnantis</strong></span> <span class='ocrx_word' id='word_1_268' title='bbox 2239 3567 2323 3614; x_wconf 90' lang='lat' dir='ltr'><strong>est</strong></span> <span class='ocrx_word' id='word_1_269' title='bbox 2354 3558 2620 3614; x_wconf 86' lang='lat' dir='ltr'><strong>calamitas</strong></span> <span class='ocrx_word' id='word_1_270' title='bbox 2653 3558 2819 3631; x_wconf 75' lang='lat' dir='ltr'><strong>vulyo</strong></span> 
     </span>
     <span class='ocr_line' id='line_1_33' title="bbox 635 3641 2938 3743; baseline 0 -45"><span class='ocrx_word' id='word_1_271' title='bbox 635 3641 757 3699; x_wconf 87' lang='lat'><strong>125</strong></span> <span class='ocrx_word' id='word_1_272' title='bbox 808 3642 863 3699; x_wconf 92' lang='lat' dir='ltr'><strong>Si</strong></span> <span class='ocrx_word' id='word_1_273' title='bbox 894 3643 1021 3699; x_wconf 84' lang='lat' dir='ltr'><strong>mali</strong></span> <span class='ocrx_word' id='word_1_274' title='bbox 1068 3644 1196 3717; x_wconf 88' lang='lat' dir='ltr'><strong>quid</strong></span> <span class='ocrx_word' id='word_1_275' title='bbox 1227 3646 1524 3709; x_wconf 59' lang='lat' dir='ltr'><strong>Halmium</strong></span> <span class='ocrx_word' id='word_1_276' title='bbox 1571 3645 1902 3743; x_wconf 77' lang='lat' dir='ltr'><strong>cogitauerit</strong></span> <span class='ocrx_word' id='word_1_277' title='bbox 1935 3644 1980 3701; x_wconf 87' lang='lat' dir='ltr'><strong><em>S</em></strong></span> <span class='ocrx_word' id='word_1_278' title='bbox 2209 3643 2327 3699; x_wconf 90' lang='grc'><strong>126</strong></span> <span class='ocrx_word' id='word_1_279' title='bbox 2376 3642 2681 3699; x_wconf 84' lang='lat' dir='ltr'><strong>hominibus</strong></span> <span class='ocrx_word' id='word_1_280' title='bbox 2724 3659 2789 3698; x_wconf 89' lang='lat' dir='ltr'><strong>an</strong></span> <span class='ocrx_word' id='word_1_281' title='bbox 2825 3659 2938 3698; x_wconf 86' lang='lat' dir='ltr'><strong>non</strong></span> 
     </span>
     <span class='ocr_line' id='line_1_34' title="bbox 631 3726 2946 3803; baseline 0 -21"><span class='ocrx_word' id='word_1_282' title='bbox 631 3727 751 3783; x_wconf 82' lang='lat' dir='ltr'><strong>GS:</strong></span> <span class='ocrx_word' id='word_1_283' title='bbox 806 3727 1056 3784; x_wconf 90' lang='lat' dir='ltr'><strong>omnibus</strong></span> <span class='ocrx_word' id='word_1_284' title='bbox 1091 3730 1288 3803; x_wconf 77' lang='lat' dir='ltr'><strong>vu1903</strong></span> <span class='ocrx_word' id='word_1_285' title='bbox 1327 3730 1474 3802; x_wconf 83' lang='lat' dir='ltr'><strong>fort.</strong></span> <span class='ocrx_word' id='word_1_286' title='bbox 1540 3730 1593 3786; x_wconf 92' lang='lat' dir='ltr'><strong>Si</strong></span> <span class='ocrx_word' id='word_1_287' title='bbox 1625 3729 1794 3786; x_wconf 86' lang='lat' dir='ltr'><strong>videri</strong></span> <span class='ocrx_word' id='word_1_288' title='bbox 1825 3732 1905 3785; x_wconf 88' lang='lat' dir='ltr'><strong>vis</strong></span> <span class='ocrx_word' id='word_1_289' title='bbox 1937 3732 2068 3786; x_wconf 84' lang='lat' dir='ltr'><strong>coll.</strong></span> <span class='ocrx_word' id='word_1_290' title='bbox 2103 3728 2139 3800; x_wconf 70' lang='lat' dir='ltr'>S</span> <span class='ocrx_word' id='word_1_291' title='bbox 2174 3727 2313 3785; x_wconf 93' lang='lat'>125.</span> <span class='ocrx_word' id='word_1_292' title='bbox 2348 3728 2447 3785; x_wconf 87' lang='lat'>37.</span> <span class='ocrx_word' id='word_1_293' title='bbox 2483 3726 2582 3783; x_wconf 90' lang='grc'><strong>24.</strong></span> <span class='ocrx_word' id='word_1_294' title='bbox 2644 3727 2734 3800; x_wconf 75' lang='lat' dir='ltr'>Cf.</span> <span class='ocrx_word' id='word_1_295' title='bbox 2770 3727 2946 3784; x_wconf 74' lang='lat' dir='ltr'><strong>Sexti</strong></span> 
     </span>
     <span class='ocr_line' id='line_1_35' title="bbox 630 3809 2937 3889; baseline 0.001 -23"><span class='ocrx_word' id='word_1_296' title='bbox 630 3817 780 3868; x_wconf 79' lang='lat' dir='ltr'><strong>sent.</strong></span> <span class='ocrx_word' id='word_1_297' title='bbox 815 3811 936 3868; x_wconf 87' lang='lat'><strong>314</strong></span> <span class='ocrx_word' id='word_1_298' title='bbox 984 3809 1164 3868; x_wconf 76' lang='lat' dir='ltr'><strong>‘Nulla</strong></span> <span class='ocrx_word' id='word_1_299' title='bbox 1205 3814 1478 3870; x_wconf 76' lang='lat' dir='ltr'><strong>simulatio</strong></span> <span class='ocrx_word' id='word_1_300' title='bbox 1510 3813 1697 3872; x_wconf 88' lang='lat' dir='ltr'><strong>multo</strong></span> <span class='ocrx_word' id='word_1_301' title='bbox 1716 3822 1961 3889; x_wconf 87' lang='lat' dir='ltr'><strong>tempore</strong></span> <span class='ocrx_word' id='word_1_302' title='bbox 1994 3812 2226 3870; x_wconf 88' lang='lat' dir='ltr'><strong>latebit&#39;.</strong></span> <span class='ocrx_word' id='word_1_303' title='bbox 2300 3813 2675 3886; x_wconf 78' lang='lat' dir='ltr'><strong>Demophilus</strong></span> <span class='ocrx_word' id='word_1_304' title='bbox 2703 3830 2799 3885; x_wconf 80' lang='lat' dir='ltr'><strong>ap.</strong></span> <span class='ocrx_word' id='word_1_305' title='bbox 2838 3812 2937 3868; x_wconf 87' lang='lat' dir='ltr'>Or.</span> 
     </span>
     <span class='ocr_line' id='line_1_36' title="bbox 631 3888 2940 3988; baseline -0.001 -36"><span class='ocrx_word' id='word_1_306' title='bbox 631 3913 830 3988; x_wconf 34' lang='lat' dir='ltr'><strong>oppanso.</strong></span> <span class='ocrx_word' id='word_1_307' title='bbox 865 3904 1011 3953; x_wconf 83' lang='lat' dir='ltr'><strong>sent.</strong></span> <span class='ocrx_word' id='word_1_308' title='bbox 1049 3897 1118 3968; x_wconf 89' lang='lat'>1,</span> <span class='ocrx_word' id='word_1_309' title='bbox 1150 3895 1262 3955; x_wconf 87' lang='lat'><strong>40.</strong></span> <span class='ocrx_word' id='word_1_310' title='bbox 1308 3892 1440 3953; x_wconf 80' lang='grc' dir='ltr'><em>ἴσθι</em></span> <span class='ocrx_word' id='word_1_311' title='bbox 1485 3889 1566 3967; x_wconf 77' lang='grc' dir='ltr'><strong>ὥς</strong></span> <span class='ocrx_word' id='word_1_312' title='bbox 1607 3891 1854 3974; x_wconf 77' lang='grc' dir='ltr'><strong><em>οὐδεμία</em></strong></span> <span class='ocrx_word' id='word_1_313' title='bbox 1897 3895 2287 3974; x_wconf 81' lang='grc' dir='ltr'><strong><em>προσποίησις</em></strong></span> <span class='ocrx_word' id='word_1_314' title='bbox 2326 3894 2529 3977; x_wconf 71' lang='grc' dir='ltr'><strong><em>πολλῶ</em></strong></span> <span class='ocrx_word' id='word_1_315' title='bbox 2571 3888 2765 3971; x_wconf 81' lang='grc' dir='ltr'><strong><em>χρόνῳ</em></strong></span> <span class='ocrx_word' id='word_1_316' title='bbox 2798 3896 2940 3951; x_wconf 67' lang='lat' dir='ltr'><strong>lav-</strong></span> 
     </span>
     <span class='ocr_line' id='line_1_37' title="bbox 626 3940 2935 4057; baseline 0.002 -22"><span class='ocrx_word' id='word_1_317' title='bbox 626 3971 826 4038; x_wconf 75' lang='grc' dir='ltr'><em>θάνει,</em></span> <span class='ocrx_word' id='word_1_318' title='bbox 1036 3940 1154 4039; x_wconf 78' lang='lat'>12’7</span> <span class='ocrx_word' id='word_1_319' title='bbox 1201 3977 1236 4015; x_wconf 78' lang='lat'><strong>&#39;¹‘</strong></span> <span class='ocrx_word' id='word_1_320' title='bbox 1267 3991 1392 4039; x_wconf 89' lang='lat' dir='ltr'><strong>tua.</strong></span> <span class='ocrx_word' id='word_1_321' title='bbox 1425 3986 1534 4039; x_wconf 89' lang='lat' dir='ltr'><strong>tuis</strong></span> <span class='ocrx_word' id='word_1_322' title='bbox 1567 3988 1732 4043; x_wconf 82' lang='lat' dir='ltr'><strong>codd.</strong></span> <span class='ocrx_word' id='word_1_323' title='bbox 1941 3983 2060 4041; x_wconf 88' lang='lat'><strong>128</strong></span> <span class='ocrx_word' id='word_1_324' title='bbox 2105 3984 2371 4057; x_wconf 79' lang='lat' dir='ltr'><strong>Xenoph.</strong></span> <span class='ocrx_word' id='word_1_325' title='bbox 2405 3984 2592 4039; x_wconf 78' lang='lat' dir='ltr'><strong>Anah.</strong></span> <span class='ocrx_word' id='word_1_326' title='bbox 2627 3981 2687 4053; x_wconf 88' lang='lat'><strong>5,</strong></span> <span class='ocrx_word' id='word_1_327' title='bbox 2720 3981 2781 4053; x_wconf 84' lang='lat'><strong>8,</strong></span> <span class='ocrx_word' id='word_1_328' title='bbox 2814 3980 2935 4039; x_wconf 89' lang='grc'><strong>26·</strong></span> 
     </span>
     <span class='ocr_line' id='line_1_38' title="bbox 631 4054 2937 4142; baseline 0.002 -23"><span class='ocrx_word' id='word_1_329' title='bbox 631 4054 813 4138; x_wconf 77' lang='grc' dir='ltr'><strong><em>ἥδιον</em></strong></span> <span class='ocrx_word' id='word_1_330' title='bbox 854 4062 979 4124; x_wconf 78' lang='grc' dir='ltr'><strong>τῶν</strong></span> <span class='ocrx_word' id='word_1_331' title='bbox 1017 4056 1275 4141; x_wconf 71' lang='grc' dir='ltr'><em>ἀγαθῶν</em></span> <span class='ocrx_word' id='word_1_332' title='bbox 1318 4066 1543 4140; x_wconf 74' lang='grc' dir='ltr'><strong><em>μᾶλλον</em></strong></span> <span class='ocrx_word' id='word_1_333' title='bbox 1572 4057 1618 4142; x_wconf 75' lang='grc' dir='ltr'><em>ἢ</em></span> <span class='ocrx_word' id='word_1_334' title='bbox 1645 4067 1767 4125; x_wconf 78' lang='grc' dir='ltr'><strong>τῶν</strong></span> <span class='ocrx_word' id='word_1_335' title='bbox 1797 4065 2004 4125; x_wconf 77' lang='grc' dir='ltr'><strong><em>κακῶν</em></strong></span> <span class='ocrx_word' id='word_1_336' title='bbox 2033 4066 2398 4142; x_wconf 83' lang='grc' dir='ltr'><strong>μεμνῆσθαι.</strong></span> <span class='ocrx_word' id='word_1_337' title='bbox 2487 4068 2682 4124; x_wconf 76' lang='lat' dir='ltr'><strong>Livius</strong></span> <span class='ocrx_word' id='word_1_338' title='bbox 2712 4066 2773 4139; x_wconf 91' lang='grc'><strong>8,</strong></span> <span class='ocrx_word' id='word_1_339' title='bbox 2805 4066 2868 4138; x_wconf 90' lang='grc'><strong>2,</strong></span> <span class='ocrx_word' id='word_1_340' title='bbox 2903 4067 2937 4123; x_wconf 86' lang='grc'>7</span> 
     </span>
     <span class='ocr_line' id='line_1_39' title="bbox 629 4150 2940 4230; baseline 0 -23"><span class='ocrx_word' id='word_1_341' title='bbox 629 4151 790 4208; x_wconf 79' lang='lat' dir='ltr'><strong>‘adeo</strong></span> <span class='ocrx_word' id='word_1_342' title='bbox 822 4152 1052 4208; x_wconf 86' lang='lat' dir='ltr'><strong>iniuriae</strong></span> <span class='ocrx_word' id='word_1_343' title='bbox 1085 4169 1242 4226; x_wconf 89' lang='lat' dir='ltr'><strong>quam</strong></span> <span class='ocrx_word' id='word_1_344' title='bbox 1287 4152 1534 4210; x_wconf 82' lang='lat' dir='ltr'><strong>beneficii</strong></span> <span class='ocrx_word' id='word_1_345' title='bbox 1576 4156 1832 4211; x_wconf 85' lang='lat' dir='ltr'><strong>memoria</strong></span> <span class='ocrx_word' id='word_1_346' title='bbox 1862 4156 2201 4230; x_wconf 82' lang='lat' dir='ltr'><strong>praesentior</strong></span> <span class='ocrx_word' id='word_1_347' title='bbox 2231 4152 2389 4210; x_wconf 79' lang='lat' dir='ltr'><strong>erat’.</strong></span> <span class='ocrx_word' id='word_1_348' title='bbox 2482 4152 2615 4209; x_wconf 82' lang='lat' dir='ltr'><strong>Sen.</strong></span> <span class='ocrx_word' id='word_1_349' title='bbox 2649 4151 2842 4225; x_wconf 82' lang='lat' dir='ltr'><strong>benef.</strong></span> <span class='ocrx_word' id='word_1_350' title='bbox 2881 4150 2940 4222; x_wconf 91' lang='lat'>1,</span> 
     </span>
     <span class='ocr_line' id='line_1_40' title="bbox 632 4234 2942 4313; baseline -0 -21"><span class='ocrx_word' id='word_1_351' title='bbox 632 4237 690 4309; x_wconf 93' lang='lat'>1,</span> <span class='ocrx_word' id='word_1_352' title='bbox 724 4237 761 4293; x_wconf 91' lang='grc'>8</span> <span class='ocrx_word' id='word_1_353' title='bbox 808 4234 904 4292; x_wconf 75' lang='lat' dir='ltr'><strong>‘ita</strong></span> <span class='ocrx_word' id='word_1_354' title='bbox 937 4254 965 4292; x_wconf 91' lang='lat' dir='ltr'><strong>a</strong></span> <span class='ocrx_word' id='word_1_355' title='bbox 998 4244 1188 4293; x_wconf 84' lang='lat' dir='ltr'><strong>natura</strong></span> <span class='ocrx_word' id='word_1_356' title='bbox 1219 4255 1281 4294; x_wconf 77' lang='lat' dir='ltr'><strong>c«</strong></span> <span class='ocrx_word' id='word_1_357' title='bbox 1289 4247 1574 4313; x_wconf 85' lang='lat' dir='ltr'><strong>nparatum</strong></span> <span class='ocrx_word' id='word_1_358' title='bbox 1605 4249 1722 4311; x_wconf 87' lang='lat' dir='ltr'><strong>est,</strong></span> <span class='ocrx_word' id='word_1_359' title='bbox 1765 4247 1827 4296; x_wconf 87' lang='lat' dir='ltr'><strong>ut</strong></span> <span class='ocrx_word' id='word_1_360' title='bbox 1859 4240 2019 4296; x_wconf 87' lang='lat' dir='ltr'><strong>altius</strong></span> <span class='ocrx_word' id='word_1_361' title='bbox 2048 4240 2273 4295; x_wconf 84' lang='lat' dir='ltr'><strong>iniuriae</strong></span> <span class='ocrx_word' id='word_1_362' title='bbox 2305 4254 2464 4312; x_wconf 87' lang='lat' dir='ltr'><strong>quam</strong></span> <span class='ocrx_word' id='word_1_363' title='bbox 2495 4238 2682 4292; x_wconf 83' lang='lat' dir='ltr'><strong>merita</strong></span> <span class='ocrx_word' id='word_1_364' title='bbox 2713 4235 2942 4292; x_wconf 86' lang='lat' dir='ltr'><strong>descen-</strong></span> 
     </span>
    </p>
   </div>
   <div class='ocr_carea' id='block_1_5' title="bbox 515 4314 2943 4396">
    <p class='ocr_par' dir='ltr' id='par_1_15' title="bbox 515 4314 2943 4396">
     <span class='ocr_line' id='line_1_41' title="bbox 515 4314 2943 4396; baseline 0 -20"><span class='ocrx_word' id='word_1_365' title='bbox 515 4325 523 4344; x_wconf 74' lang='lat'><strong>·</strong></span> <span class='ocrx_word' id='word_1_366' title='bbox 627 4321 757 4377; x_wconf 83' lang='lat' dir='ltr'><strong>dant</strong></span> <span class='ocrx_word' id='word_1_367' title='bbox 798 4328 854 4377; x_wconf 84' lang='lat' dir='ltr'><strong>et</strong></span> <span class='ocrx_word' id='word_1_368' title='bbox 876 4321 986 4377; x_wconf 79' lang='lat' dir='ltr'><strong>-illa</strong></span> <span class='ocrx_word' id='word_1_369' title='bbox 1031 4323 1141 4378; x_wconf 86' lang='lat' dir='ltr'><strong>cito</strong></span> <span class='ocrx_word' id='word_1_370' title='bbox 1174 4321 1446 4396; x_wconf 85' lang='lat' dir='ltr'><strong>defluant,</strong></span> <span class='ocrx_word' id='word_1_371' title='bbox 1490 4326 1582 4381; x_wconf 87' lang='lat' dir='ltr'><strong>has</strong></span> <span class='ocrx_word' id='word_1_372' title='bbox 1615 4332 1772 4381; x_wconf 83' lang='lat' dir='ltr'><strong>tenax</strong></span> <span class='ocrx_word' id='word_1_373' title='bbox 1804 4326 2060 4381; x_wconf 87' lang='lat' dir='ltr'><strong>memoria</strong></span> <span class='ocrx_word' id='word_1_374' title='bbox 2093 4323 2408 4381; x_wconf 86' lang='lat' dir='ltr'><strong>custodiat&#39;.</strong></span> <span class='ocrx_word' id='word_1_375' title='bbox 2496 4314 2733 4396; x_wconf 81' lang='lat' dir='ltr'><strong>fragilis]</strong></span> <span class='ocrx_word' id='word_1_376' title='bbox 2767 4320 2943 4377; x_wconf 81' lang='lat' dir='ltr'><strong>facilis</strong></span> 
     </span>
    </p>
   </div>
   <div class='ocr_carea' id='block_1_6' title="bbox 629 4402 2942 4569">
    <p class='ocr_par' dir='ltr' id='par_1_16' title="bbox 629 4402 2942 4569">
     <span class='ocr_line' id='line_1_42' title="bbox 634 4402 2942 4483; baseline 0 -22"><span class='ocrx_word' id='word_1_377' title='bbox 634 4408 759 4463; x_wconf 86' lang='lat' dir='ltr'><strong>edd.</strong></span> <span class='ocrx_word' id='word_1_378' title='bbox 941 4405 1060 4463; x_wconf 92' lang='grc'><strong>129</strong></span> <span class='ocrx_word' id='word_1_379' title='bbox 1108 4402 1347 4483; x_wconf 81' lang='lat' dir='ltr'><strong>facilius]</strong></span> <span class='ocrx_word' id='word_1_380' title='bbox 1393 4408 1707 4466; x_wconf 80' lang='lat' dir='ltr'><strong>familiarius</strong></span> <span class='ocrx_word' id='word_1_381' title='bbox 1737 4411 1820 4474; x_wconf 90' lang='lat' dir='ltr'><strong>P;</strong></span> <span class='ocrx_word' id='word_1_382' title='bbox 1863 4412 1967 4467; x_wconf 86' lang='lat' dir='ltr'><strong>sed</strong></span> <span class='ocrx_word' id='word_1_383' title='bbox 2004 4409 2084 4482; x_wconf 85' lang='lat' dir='ltr'><strong>cf.</strong></span> <span class='ocrx_word' id='word_1_384' title='bbox 2118 4410 2251 4468; x_wconf 76' lang='lat' dir='ltr'>Seu.</span> <span class='ocrx_word' id='word_1_385' title='bbox 2287 4406 2599 4479; x_wconf 75' lang='lat' dir='ltr'><strong>epis!.38,</strong></span> <span class='ocrx_word' id='word_1_386' title='bbox 2634 4406 2663 4461; x_wconf 94' lang='grc'><strong>1</strong></span> <span class='ocrx_word' id='word_1_387' title='bbox 2702 4404 2942 4462; x_wconf 78' lang='lat' dir='ltr'><strong>facilius</strong></span> 
     </span>
     <span class='ocr_line' id='line_1_43' title="bbox 629 4489 2721 4569; baseline -0 -23"><span class='ocrx_word' id='word_1_388' title='bbox 629 4492 833 4547; x_wconf 83' lang='lat' dir='ltr'><strong>intrant</strong></span> <span class='ocrx_word' id='word_1_389' title='bbox 862 4489 1078 4547; x_wconf 87' lang='lat' dir='ltr'><strong>verba&#39;.</strong></span> <span class='ocrx_word' id='word_1_390' title='bbox 1171 4495 1318 4549; x_wconf 81' lang='lat' dir='ltr'><strong>Ante</strong></span> <span class='ocrx_word' id='word_1_391' title='bbox 1349 4510 1509 4550; x_wconf 89' lang='lat' dir='ltr'><strong>nemo</strong></span> <span class='ocrx_word' id='word_1_392' title='bbox 1540 4497 1595 4551; x_wconf 92' lang='lat' dir='ltr'><strong><em>P</em></strong></span> <span class='ocrx_word' id='word_1_393' title='bbox 1622 4498 1814 4553; x_wconf 74' lang='lat' dir='ltr'><strong>addit·</strong></span> <span class='ocrx_word' id='word_1_394' title='bbox 1856 4494 2148 4551; x_wconf 86' lang='lat' dir='ltr'><strong>Insectatio</strong></span> <span class='ocrx_word' id='word_1_395' title='bbox 2179 4496 2295 4569; x_wconf 87' lang='lat' dir='ltr'><strong>ipsa</strong></span> <span class='ocrx_word' id='word_1_396' title='bbox 2327 4491 2603 4550; x_wconf 74' lang='lat' dir='ltr'><strong>moderata</strong></span> <span class='ocrx_word' id='word_1_397' title='bbox 2632 4491 2721 4547; x_wconf 82' lang='lat' dir='ltr'><strong>sit</strong></span> 
     </span>
    </p>
   </div>
  </div>
 </body>
</html>
