3209 5184
796 445 1069 495 SEPTEM
1114 445 1510 494 summum
1555 446 2042 500 SENTENTIA&
2438 433 2557 498 151

977 665 1047 731 ὅ.
1114 661 1331 733 Solon
1374 662 1845 732 Atheniensis

433 803 622 867 Tunc
663 789 929 902 beatjm
973 801 1121 866 dico
1167 802 1394 885 vitam,
1451 823 1597 866 cum
1641 811 1906 888 peracta
1949 802 2086 866 fata
2129 812 2300 868 sunt.
2543 826 2608 888 (ᾗ
2623 765 2674 929 s

435 905 565 969 Par
607 905 751 992 pari
793 904 1053 987 iugator
1098 903 1367 967 coniux:
1416 902 1739 990 quidquid
1782 904 1995 991 inpar,
2043 902 2344 971 dissidet.

435 1007 583 1071 Non
627 1013 818 1069 erunt
860 1004 1138 1069 honores
1183 1025 1492 1091 umquam
1537 1003 1795 1070 fortuiti
1839 1007 2150 1071 muneris·

438 1106 626 1173 Clam
671 1128 982 1191 coarguas
1026 1107 1486 1193 propinquum,
1532 1103 1870 1193 propalam
1914 1104 2310 1172 laudaveris.

440 1208 783 1274 Pulchrius
828 1206 1033 1273 multo
1079 1215 1179 1271 est
1222 1207 1461 1293 parari,
1509 1229 1705 1293 quam
1749 1208 1955 1271 creari
1998 1207 2308 1274 nobilem.

441 1310 637 1375 Certa
680 1311 738 1374 si
782 1310 1046 1374 decreta
1087 1330 1227 1373 sors
1276 1316 1397 1389 est,
1444 1307 1603 1395 quid
1650 1329 1881 1373 cavere
1924 1309 2267 1395 proderit?

441 1411 598 1477 Sive
641 1420 794 1477 sunt
836 1413 1086 1476 incerta
1129 1418 1386 1492 cuncta,
1434 1408 1592 1497 quid
1636 1409 1869 1474 timere
1913 1412 2268 1476 convenit?

880 1597 948 1663 6.
1019 1595 1274 1663 Chilon
1316 1595 1938 1663 Lacedaemonius.

434 1734 602 1800 Nolo
647 1734 859 1798 minor
902 1754 1006 1796 me
1048 1733 1278 1798 timeat
1321 1731 1769 1819 despiciatque
1813 1732 2039 1796 maior.

434 1836 607 1901 Vive
649 1857 895 1901 memor
935 1836 1187 1916 mortis,
1232 1835 1390 1898 item
1432 1833 1588 1898 vive
1630 1855 1879 1898 memor
1923 1832 2173 1899 salutis.

435 1937 681 2002 Tristia
726 1946 957 2001 cuncta
1002 1958 1361 2024 exsuperas
1405 1945 1518 2000 aut
1560 1929 1777 2000 animo
1821 1945 1934 2000 aut
1977 1938 2209 2001 amico.

434 2039 538 2103 Tu
579 2038 747 2104 bene
790 2040 848 2102 si
891 2038 1053 2126 quid
1094 2037 1322 2120 facias,
1366 2059 1498 2102 non
1541 2037 1918 2102 meminisse
1962 2038 2063 2102 fas
2110 2048 2230 2104 est.

438 2139 625 2221 Quae
670 2141 839 2207 bene
881 2138 1059 2205 facta
1101 2140 1410 2226 accipias,
1456 2147 1772 2227 perpetuo
1817 2151 2166 2206 memento.

435 2242 641 2309 Grata
685 2251 983 2308 senectus
1029 2241 1300 2324 homini,
1349 2262 1516 2327 quae
1559 2239 1784 2329 parilis
1831 2242 2170 2307 iuventae:

430 2342 557 2408 Illa
597 2344 869 2409 iuventa
913 2354 1013 2409 est
1055 2344 1340 2428 gravior,
1386 2364 1552 2430 quae
1597 2340 1835 2407 similis
1881 2354 2205 2435 senectae.

935 2530 999 2595 7.
1065 2526 1500 2596 Anacharsis
1545 2525 1879 2610 Scythes.

429 2667 649 2754 Turpe
693 2665 854 2754 quid
898 2687 1175 2731 ausurus
1220 2674 1287 2730 te
1331 2668 1475 2731 sine
1516 2674 1685 2730 teste
1727 2666 1906 2729 time.

431 2768 589 2833 Vita
631 2770 825 2856 perit,
870 2769 1098 2834 mortis
1144 2766 1354 2853 gloria
1395 2789 1528 2833 non
1569 2767 1872 2832 moritur.

430 2945 469 3003 5
515 2945 678 3002 Salon
708 2944 765 3000 P
931 2943 991 3016 5,
1027 2944 1059 3000 1
1107 2952 1240 3000 tunc
1268 2943 1321 3000 h.
1352 2944 1406 2999 d.
1438 2962 1486 2998 v.
1519 2942 1700 2999 PBM
1723 2946 1848 3001 cod.
1881 2944 2223 3001 Pulmanni:
2254 2944 2306 3001 d.
2348 2955 2385 3003 t.
2415 2946 2469 3003 b.
2501 2966 2551 3005 v.

259 3031 363 3088 ΑΟ
489 3031 596 3086 sata
627 3031 944 3087 Erasmus:
991 3029 1126 3085 facta
1154 3029 1346 3094 PBO;
1390 3047 1496 3086 om.
1529 3028 1600 3084 M
1736 3034 1865 3084 sunt
1899 3028 2097 3085 PBM.-
2142 3031 2254 3086 sint
2282 3031 2403 3088 Ao.
2463 3031 2551 3105 Cf.

262 3117 458 3174 Ckilon
491 3133 585 3187 ap.
620 3114 773 3172 Stob.
801 3114 1024 3187 ‘flou-3,
1058 3114 1160 3183 79,
1193 3114 1229 3172 3
1261 3099 1362 3169 τὸν
1393 3101 1836 3184 τετελευτηκότα
1867 3103 2155 3185 μακάριζε
2294 3115 2354 3189 5,
2388 3115 2424 3171 2
2470 3118 2555 3173 iu-

260 3209 422 3275 gator
449 3200 581 3257 AO.-
624 3201 811 3273 iugato
841 3198 1017 3255 PBM
1044 3200 1331 3256 Erasmus
1496 3196 1724 3254 dissidet
1756 3197 1903 3272 quod
1931 3199 2103 3273 impar
2133 3206 2217 3255 est
2247 3201 2551 3259 Erasmus.

261 3286 354 3358 Cf.
386 3285 635 3343 Cleobul.
668 3302 765 3357 ap.
800 3283 955 3342 Stob.
979 3286 1114 3356 flor.
1141 3283 1201 3355 3,
1230 3284 1330 3356 79,
1360 3284 1392 3339 1
1423 3282 1635 3358 γαμεῖν
1664 3275 1730 3338 ἐκ
1759 3279 1879 3337 τῶν
1906 3271 2157 3358 ὁμοίων,
2206 3289 2328 3343 cod.
2355 3286 2550 3343 Paris.

255 3370 418 3428 4841
467 3386 513 3426 ε.
545 3388 598 3426 v.
633 3369 815 3427 Cleob.
851 3367 1105 3424 ‘Uxorem
1145 3384 1326 3441 parem
1362 3368 1575 3440 dicito’‚
1617 3371 1726 3443 leq.
1761 3368 1945 3426 ducito
2128 3370 2198 3442 5,
2243 3369 2279 3427 3
2325 3372 2550 3428 honoris

253 3462 312 3512 et
345 3455 589 3540 fortuita,
605 3454 720 3510 ΒΜ
888 3452 945 3523 5,
978 3452 1017 3508 4
1062 3452 1340 3527 propalam
1372 3456 1560 3511 code-z·
1588 3454 1931 3511 Pulmanni:
1962 3459 2120 3527 quem
2151 3454 2322 3528 palam
2352 3457 2421 3527 P,
2453 3456 2549 3512 sed

253 3539 434 3614 palam
463 3539 586 3595 ΒΜ
765 3536 835 3610 5,
877 3537 915 3594 5
963 3545 1048 3593 est
1076 3538 1158 3594 P.-
1203 3556 1309 3595 om.
1344 3538 1596 3610 BMAQ·
1650 3541 1776 3596 cod.
1822 3540 2019 3595 Paris.
2066 3537 2230 3596 4841
2274 3540 2548 3597 ‘Sanctius

251 3623 394 3696 (scr.
426 3621 618 3695 satius)
650 3630 735 3679 est
764 3620 881 3678 fieri
909 3620 1142 3678 nobilem
1174 3639 1330 3697 quam
1362 3624 1553 3680 nasci'.
1727 3623 1790 3696 5,
1825 3623 1860 3680 6
1908 3631 1993 3678 est
2023 3641 2127 3680 om.
2159 3624 2214 3680 P
2377 3627 2550 3682 caveri

249 3710 310 3765 P
437 3709 499 3780 5,
534 3708 568 3765 7
615 3702 750 3785 sive]
783 3713 818 3764 i.
853 3724 900 3764 e.
938 3709 1024 3764 vel
1054 3711 1107 3763 si
1275 3715 1403 3763 sunt
1436 3708 1607 3764 PBM
1622 3733 1637 3763 .-
1678 3709 1787 3764 sint
1817 3706 1919 3764 ΑΟ

430 3794 501 3865 6,
546 3792 582 3848 2
628 3793 757 3848 item
800 3792 918 3847 vive
959 3808 1166 3848 memor
1206 3791 1397 3848 salutis
1426 3792 1601 3849 PBM
1639 3794 1761 3849 cod.
1793 3793 2131 3850 Pulmanni:
2175 3795 2255 3849 uti
2284 3794 2358 3850 sis
2390 3811 2461 3850 m.
2496 3804 2550 3851 et

246 3896 296 3933 S.
334 3879 465 3943 Ao,-
496 3880 621 3935 cod.
652 3877 846 3933 Paris.
880 3874 1045 3933 4841
1079 3877 1231 3932 ‘Vive
1260 3884 1530 3951 tamquam
1560 3878 1834 3951 victurus,
1869 3878 1994 3934 -vive
2024 3885 2293 3951 tamquam
2325 3882 2550 3936 moritu·

246 3962 395 4020 rus'.
573 3962 643 4034 6,
675 3961 713 4018 3
759 3976 1049 4036 exsuperas
1082 3962 1231 4018 BM=
1276 3979 1607 4037 exsuperans
1637 3963 1790 4020 PAO
1829 3966 2291 4035 interpunctione
2333 3968 2392 4020 in
2428 3968 2548 4036 fine

244 4064 461 4105 versus
490 4048 725 4104 sublata
920 4046 989 4117 6,
1032 4045 1072 4101 4
1117 4041 1256 4124 non]
1290 4063 1392 4103 nec
1420 4047 1596 4104 PBM
1789 4049 1857 4120 6,
1903 4048 1939 4105 6
1985 4048 2217 4104 hominis
2248 4047 2370 4104 BM

247 4134 329 4205 6,
373 4132 409 4189 7
453 4133 673 4188 iuventa
703 4130 781 4185 P.-
823 4132 1078 4187 iuventus
1118 4131 1213 4204 M,
1256 4140 1510 4188 senectus
1541 4132 1598 4187 B
1800 4133 2015 4206 gravior
2044 4133 2124 4188 P.-
2166 4134 2376 4206 gratior
2406 4133 2546 4205 ΒΜ,

241 4219 604 4274 adservante
633 4223 812 4272 metro

429 4301 463 4356 7
511 4300 831 4357 Anacharsis
875 4301 930 4357 S.
979 4301 1154 4357 PBM
1205 4303 1329 4358 cod.
1373 4303 1687 4359 Pulmanni
1734 4307 1786 4357 et
1839 4299 2196 4375 Marianyeli
2240 4302 2547 4359 Accursii:

244 4386 458 4459 Thales
479 4385 717 4442 Milesius
738 4387 787 4440 A
796 4385 840 4442 O
997 4386 1055 4458 7,
1092 4387 1122 4442 1
1186 4387 1355 4443 Walt.
1380 4387 1551 4444 Burl.
1574 4402 1621 4443 ε.
1643 4404 1689 4443 υ.
1707 4387 2101 4443 Anacharsis.-
2138 4393 2298 4459 turpe
2330 4385 2546 4461 quidem

238 4470 385 4546 (leq.
418 4469 569 4545 quid)
601 4469 882 4527 auditurus
914 4470 1044 4544 (leq.
1077 4470 1329 4544 ausurus)
1353 4478 1409 4529 te
1438 4472 1555 4529 sine
1585 4478 1728 4528 teste
1757 4472 1886 4527 time
2025 4471 2084 4543 7,
2117 4469 2153 4526 2
2186 4465 2324 4549 non]
2348 4488 2472 4531 cum
2500 4472 2545 4530 0
