3209 5184
838 508 1051 556 m‘rmz
1094 508 1561 557 PussmmANAs
1606 509 1993 557 REOEPTAE.
2447 496 2566 559 135

439 664 677 729 Ulcera
717 662 919 727 animi
963 664 1169 748 magis
1216 684 1409 750 quam
1454 663 1743 749 corporis
1788 663 2080 727 sananda
2126 672 2299 727 sunt.

441 764 687 831 Volunt
731 765 1024 830 homines
1054 765 1164 829 ita
1207 773 1627 852 praeceptum
1670 786 1812 828 esse
1856 773 1929 829 ut
1974 766 2243 847 vivunt,
2292 786 2424 831 non
2467 766 2565 830 ita

1083 867 1314 931 vivere
1357 875 1428 930 ut
1473 875 1894 954 praeceptum
1939 875 2058 936 est.
2365 862 2370 867 ’

440 927 773 1034 Utendum
819 977 919 1032 est
961 967 1241 1051 divitiis,
1287 989 1417 1032 non
1459 967 1882 1033 abutendum.

437 1071 535 1136 Ut
570 1069 842 1135 fulmina
870 1092 1223 1157 paucorum
1251 1067 1538 1157 periculo
1570 1070 1831 1154 eadunt,
1877 1069 2166 1133 omnium
2201 1078 2410 1153 mem,
2458 1073 2562 1136 sic
2650 1101 2658 1109 ·

1084 1170 1683 1236 animadversiones
1735 1189 2117 1255 magnarum
2162 1181 2558 1260 potestatum

1084 1282 1333 1338 terrent
1376 1271 1573 1337 latius
1621 1295 1815 1359 quam
1857 1282 2114 1337 nocent.

270 1383 396 1440 390
439 1375 710 1440 Utinam
756 1398 833 1440 ea
874 1375 986 1440 lex
1029 1374 1278 1440 homini
1323 1383 1516 1457 esset,
1560 1383 1637 1439 ut
1683 1373 1824 1461 [ira]
1870 1397 2017 1439 oum
2061 1375 2189 1439 telo
2235 1397 2352 1440 suo
2383 1376 2560 1440 fran-

1081 1486 1365 1562 geretur,
1408 1498 1529 1540 nec
1557 1479 1818 1564 saepius
1849 1475 2075 1541 liceret
2103 1499 2337 1541 nocere
2367 1500 2558 1565 quam

1085 1577 1303 1643 se'mel.

446 1680 813 1769 Utrumque
855 1682 1095 1746 vitium
1137 1690 1238 1746 est
1279 1679 1443 1744 nulli
1489 1679 1755 1744 credere
1801 1688 1864 1744 et
1908 1679 2229 1746 omnibus.

490 1893 611 1952 386
658 1895 757 1950 Go.
791 1887 1019 1970 ulcera]
1054 1894 1191 1949 vitia
1224 1889 1496 1947 Fabricius
1713 1890 1832 1948 387
1883 1891 1978 1948 Go.
2189 1891 2311 1950 388
2361 1893 2458 1949 Go.
2493 1893 2565 1949 De

273 1996 416 2034 mor.
450 1979 529 2036 78
701 1977 823 2035 389
872 1979 971 2034 Go,
1007 1977 1130 2032 Seu.
1163 1975 1230 2031 de
1258 1974 1412 2032 clem.
1452 1975 1508 2048 1,
1541 1975 1602 2047 8,
1637 1975 1673 2032 5
1848 1975 1974 2035 390
2020 1977 2119 2033 Go.
2151 1976 2275 2033 Seu.
2306 1977 2374 2033 de
2404 1977 2561 2033 clem.
2667 1993 2682 2000 ·

277 2064 334 2134 1,
374 2062 475 2135 19,
507 2061 545 2118 4
718 2062 838 2119 391
885 2062 956 2118 F.
990 2061 1064 2118 De
1095 2077 1229 2117 mor.
1263 2060 1361 2118 77.
1392 2061 1515 2118 Sen.
1551 2062 1708 2135 epist.
1744 2061 1804 2132 3,
1836 2059 1875 2115 4
