3209 5184
628 486 715 555 50
1492 500 2041 554 PROLEGOMENA.

629 661 791 724 haec
835 662 964 724 iam
1007 658 1123 723 alii
1169 668 1587 723 sanaverunt.
1677 659 1867 724 Nova
1904 658 2341 723 nanciscimur
2372 677 2456 718 ex
2486 655 2740 721 duobus
2784 653 2927 719 ad-

631 762 789 826 diti
845 761 1343 847 pronominis
1390 759 1730 826 relativi
1788 760 2138 847 exemplis,
2199 758 2280 822 de
2326 756 2765 844 quibusvide
2808 754 2927 819 ad-

629 864 1028 928 notationem
1072 864 1158 927 ad
1201 885 1266 926 v.
1312 862 1438 927 423
1484 870 1548 926 et
1590 864 1738 927 483.
1831 862 2013 944 Quid
2072 863 2243 926 enim
2299 859 2481 924 aliud
2537 860 2739 924 latere
2794 856 2929 922 tibi

629 965 1022 1052 persuadeas
1068 988 1132 1029 v.
1178 965 1300 1030 547
3001 970 3010 977 '

937 1090 1128 1164 Quam
1170 1095 1250 1149 est
1291 1090 1431 1162 felix
1473 1092 1612 1159 vita,
1658 1108 1805 1163 quae
1847 1093 1972 1149 sine
2015 1092 2257 1166 neyotiis
2299 1089 2532 1155 transit,

630 1222 759 1285 nisi
801 1220 958 1287 hoc:

1122 1312 1312 1387 Quam
1353 1311 1493 1382 felix
1534 1314 1657 1370 vita
1701 1314 1915 1371 transit
1956 1314 2081 1371 sine
2123 1312 2367 1386 negotiis
2381 1312 2412 1369 ἓ

630 1438 1017 1506 Pari'modo
1062 1442 1132 1504 in
1176 1462 1372 1506 versu
1420 1442 1560 1524 132,
1609 1441 1722 1527 qui
1766 1441 2016 1507 tamdiu
2060 1441 2342 1507 editores
2387 1441 2680 1524 vexavit,

931 1583 1392 1642 Deliberandum
1434 1587 1514 1641 est
1558 1584 1840 1656 quidquid
1882 1583 2256 1643 statuendum
2301 1587 2381 1642 est
2423 1584 2634 1652 semel,-

631 1713 807 1800 quod
864 1712 1210 1776 manifeste
1265 1712 1482 1794 deest,
1540 1723 1613 1778 ut
1667 1712 1907 1778 habeat
1960 1714 2143 1779 semel
2186 1714 2292 1778 cui
2337 1721 2731 1800 opponatur,
2791 1735 2929 1777 non

631 1826 729 1880 est
773 1817 885 1879 dia
929 1836 1012 1877 cx
1042 1814 1392 1878 Vincentio
1438 1813 1803 1898 inductum,
1851 1813 1966 1879 sed
2008 1836 2191 1900 saepe
2236 1816 2306 1878 in
2339 1814 2476 1879 solo
2510 1814 2927 1899 Frisingensi

629 1926 994 1999 servatum3
1040 1916 1172 1980 iam
1216 1914 1532 1979 adverbio
1579 1938 1695 1980 suo
1740 1914 1878 1982 loco
1924 1917 2211 2004 reposito
2241 1915 2621 1981 facillimum
2654 1910 2777 1980 erit
2810 1916 2928 1979 de-

630 2018 758 2082 leto
803 2017 1182 2104 pronomine
1229 2017 1545 2081 scribere:

932 2142 1392 2200 Deliberandam
1436 2146 1516 2200 est
1557 2159 1744 2216 saepe,
1789 2144 2164 2202 statuendum
2213 2137 2350 2223 (est)
2396 2144 2584 2202 semel.
2639 2112 2646 2120 ⁹

635 2271 865 2359 Neque
908 2271 1035 2336 alio
1081 2272 1248 2336 vitio
1293 2270 1547 2337 laborat
1591 2272 1660 2335 in
1707 2271 1932 2336 codice
1975 2271 2047 2336 F
2084 2273 2405 2338 sententia
2448 2274 2602 2338 632:

939 2396 1112 2456 Unus
1155 2399 1276 2456 dies
1307 2414 1565 2470 poenam
1609 2396 1796 2468 affert,
1843 2416 2022 2470 quam
2064 2399 2233 2456 multi
2277 2400 2548 2473 cogitant,

628 2524 909 2611 ἄμετρος
964 2537 1028 2590 et
1081 2527 1166 2591 ab
1224 2529 1513 2592 oratione
1578 2527 1852 2610 vitiosa3
1917 2550 2068 2591 nam
2127 2526 2479 2591 dicendum
2536 2538 2673 2593 erat
2729 2550 2930 2610 quam

631 2631 814 2694 multi
857 2625 1296 2711 eoyitave-mmt.
1389 2627 1492 2692 Cf.
1538 2629 1756 2693 varias
1802 2627 2112 2694 lectiones
2159 2629 2243 2692 ad
2289 2651 2400 2693 VV.
2445 2631 2506 2694 5.
2553 2628 2655 2694 57.
2700 2630 2845 2694 234.

798 2730 1157 2816 Egregium
1202 2722 1724 2816 interpolationis
1784 2730 2155 2818 exemplum
2221 2731 2491 2818 praebet
2557 2730 2924 2795 futurum

641 2854 913 2919 quoque,
953 2841 1349 2913 exactum,
1409 2831 1580 2918 quod
1638 2832 1707 2895 in
1751 2834 2091 2897 sententiis
2135 2832 2550 2918 generalibus
2595 2833 2666 2896 in
2710 2832 2927 2897 locum

634 2935 996 3021 praesentis
1055 2935 1402 2998 succedere
1457 2932 1567 2996 vel
1624 2955 1814 3021 posse
1869 2934 1976 2998 vel
2031 2933 2265 2998 debere
2322 2937 2479 3002 satis
2529 2945 2753 3000 notum
2799 2948 2927 3001 est.

629 3034 706 3099 Id
752 3036 956 3121 igitur
1002 3047 1073 3099 ut
1118 3033 1457 3123 discipulis
1502 3034 1860 3102 inculcaret
1905 3036 2043 3100 ludi
2087 3037 2418 3121 magister,
2464 3036 2699 3102 multos
2745 3036 2927 3102 locos

634 3138 945 3218 correxit,
993 3136 1200 3201 veluti
1244 3159 1310 3203 v.
1354 3137 1480 3200 242
1512 3130 1865 3220 'peccaverit
1911 3138 2200 3224 (peccat),
2251 3139 2372 3203 179
2403 3141 2770 3222 perdiderit,
2804 3126 2924 3222 pi>-

627 3240 784 3318 terit,
832 3238 970 3303 213
997 3240 1198 3320 fueris
1242 3240 1453 3303 doetus
1500 3240 1615 3323 (sis
1658 3241 1931 3328 doetus);
1978 3264 2161 3328 prov.
2200 3242 2231 3303 1
2280 3242 2517 3306 deridet
2558 3239 2925 3329 (deriserit).

629 3338 804 3403 Hinc
849 3341 1203 3426 petivimus
1250 3340 1525 3404 duorum
1559 3363 1867 3406 versuum
1914 3343 2339 3406 certissimam
2371 3342 2926 3407 emendationem:

743 3489 841 3538 241
888 3482 1143 3542 Irritare
1187 3487 1268 3542 est
1313 3484 1719 3552 calamitatem,
1765 3501 1895 3543 eum
1937 3488 1990 3543 te
2031 3484 2252 3556 felicem
2293 3502 2452 3544 voees
2500 3478 2868 3565 (vocavem’s),

741 3592 842 3640 409
891 3582 1217 3645 Necessitas
1260 3587 1413 3659 quod
1443 3587 1651 3660 poscit,
1695 3588 1814 3645 mei
1855 3587 1970 3655 dee,
2016 3588 2184 3659 eripit
2231 3582 2509 3665 (dederis)
2523 3607 2543 3645 .·

628 3714 712 3776 ad
758 3713 937 3777 illam
982 3716 1246 3801 quidem
1290 3717 1420 3779 iam
1465 3717 1763 3802 proxime
1802 3717 2079 3780 accessit
2110 3718 2322 3781 editor
2350 3715 2923 3801 Ingolstadiensi8‚

631 3817 761 3879 nisi
820 3816 993 3902 quod
1047 3840 1179 3882 non
1235 3818 1407 3881 vidit
1461 3818 1879 3883 coniunctivo
1937 3841 2097 3905 opus
2146 3839 2289 3882 esse
2334 3820 2404 3883 in
2449 3819 2732 3882 secunda
2775 3841 2925 3904 per-

631 3939 823 4001 sona3
878 3917 1000 3983 hoc
1043 3918 1181 3984 loco
1226 3941 1309 3983 ne
1355 3920 1498 4006 quis
1545 3918 1949 4008 periclitetur
1990 3923 2063 3985 ni
2119 3922 2359 3986 dederis
2401 3923 2601 4004 rapit,
2655 3940 2928 3986 monen-

634 4019 790 4084 dum
839 4029 935 4085 est
981 4022 1377 4108 respondere
1422 4022 1550 4086 sibi
1595 4025 1751 4087 dare
1795 4032 1859 4088 et
1903 4025 2137 4106 eripere
2179 4046 2244 4087 v.
2290 4023 2415 4089 352
2460 4034 2525 4088 et
2553 4023 2699 4107 536,
2743 4025 2928 4111 apud

628 4122 783 4189 Sall.
830 4123 978 4208 Iug.
1030 4127 1098 4206 1,
1146 4124 1220 4207 3,
1269 4123 1420 4189 Sen.
1468 4126 1666 4211 epist.
1713 4126 1827 4208 59,
1878 4127 1989 4207 18,
2038 4126 2121 4188 de
2166 4134 2369 4190 const.
2418 4148 2552 4213 sap.
2600 4128 2672 4210 5,
2716 4127 2789 4209 4,
2838 4130 2927 4193 ad

626 4225 821 4290 Helv.
869 4227 929 4309 8,
975 4228 1053 4291 4.”
2219 4240 2228 4245 ’

787 4330 1100 4416 Denique
1144 4328 1290 4416 plus
1335 4351 1463 4395 uno
1507 4331 1649 4396 loco
1694 4331 1766 4394 in
1806 4332 1994 4420 peius
2040 4340 2359 4396 mutatum
2394 4331 2694 4397 videmus
2738 4354 2923 4397 ver-

572 4487 592 4503 ,
624 4427 897 4496 borum
964 4430 1357 4517 ordinem,
1428 4433 1494 4497 in
1552 4434 1894 4497 Turicensi
1951 4436 2020 4498 in
2074 4434 2300 4521 primis
2344 4457 2424 4498 ac
2469 4434 2918 4519 Frisingensis

624 4542 809 4621 parte
854 4533 1079 4621 altera,
1128 4537 1282 4599 item
1327 4536 1501 4623 apud
1550 4538 1969 4605 Vincentium
2016 4540 2570 4606 Bellovacensem.
2640 4536 2922 4605 Minime
