3209 5184
1132 471 1679 532 PRoLsseomiziuA.
2468 462 2547 533 19

248 631 427 701 Nam
485 633 778 700 inde.ab
835 634 946 700 illo
1002 633 1259 700 saeculo
1304 635 1521 700 omnia
1566 644 1632 701 et
1682 634 2254 724 interpolationum
2299 647 2363 703 et
2406 660 2543 703 cor·

246 738 658 826 ruptelarum
701 758 944 823 genera
985 735 1150 802 adeo
1195 736 1642 820 invaluerunt,
1688 747 1761 802 ut
1804 738 2223 804 diversitates
2268 740 2543 828 scriptu·

204 846 211 851 '
247 862 368 904 rae
411 839 707 904 indicare
749 839 942 903 nimis
987 837 1330 903 molestum
1374 839 1481 903 sit.
1565 839 1660 904 Ut
1700 848 1918 904 tamen
1962 840 2276 925 exiguum
2313 840 2546 906 saltem

249 941 436 1006 illius
482 942 917 1027 corruptionis
963 938 1230 1005 daretur
1273 941 1625 1026 specimen,
1672 939 2146 1028 discrepantias

433 1044 543 1128 10)
588 1042 900 1107 codicis
956 1041 1316 1106 Parisi'ni
1371 1040 1483 1107 lat.
1536 1042 1705 1107 8049
1748 1040 1862 1129 (Ο)
1919 1065 2035 1129 per
2090 1052 2379 1108 saturam
2434 1043 2542 1107 de-

250 1154 519 1232 cerptas
564 1145 632 1208 in
675 1144 1160 1208 adnotationem
1191 1144 1486 1207 criticam
1513 1145 1897 1230 recepimus.
1983 1145 2052 1209 Is
2083 1145 2314 1228 codex,
2344 1168 2540 1209 mem-

250 1249 640 1328 branaceus,
687 1267 770 1309 ex
800 1243 1243 1332 compluribus
1275 1243 1604 1309 fasciculis
1637 1247 2056 1333 composituS,
2095 1247 2546 1334 complectitur

250 1348 556 1412 Persium
611 1368 758 1411 cum
803 1344 1101 1428 scholiis,
1164 1345 1576 1430 Petronium,
1636 1346 1967 1412 Ciceronis
2014 1348 2097 1411 de
2140 1347 2545 1413 divinatione

246 1449 696 1534 fragmentum
754 1446 1010 1513 saeculo
1066 1446 1318 1513 decimo
1376 1456 1746 1532 exaratum3
1813 1449 1883 1512 in
1937 1448 2183 1513 ultimis
2228 1448 2540 1515 duodevi-

249 1552 428 1636 ginti
472 1549 650 1615 foliis
694 1549 885 1614 homo
927 1548 1166 1635 aliquis
1212 1548 1443 1615 doctus
1489 1548 1747 1615 saeculo
1791 1550 1928 1613 fere
1973 1548 2172 1614 XIII.
2218 1572 2301 1615 ex
2347 1550 2543 1616 Sene-

251 1674 372 1716 cae
402 1652 818 1738 potissimum'
848 1649 1149 1735 dialogis,
1196 1651 1517 1738 epistulis,
1558 1652 1939 1737 tragoediiS,
1972 1674 2057 1716 ex
2087 1654 2543 1718 controversiis

252 1755 547 1819 Senecae
590 1754 827 1839 patris,
885 1774 970 1816 ex
1012 1752 1180 1817 libro
1226 1753 1308 1816 de
1351 1752 1673 1838 moribus,
1721 1774 1804 1817 ex
1846 1753 2130 1818 Caecilio
2173 1753 2413 1837 Balbo,
2461 1778 2544 1819 ex

250 1857 533 1920 Catonis
588 1854 1043 1937 monostichis,
1104 1854 1387 1940 denique
1443 1876 1527 1919 ex
1569 1853 1857 1920 Publilio
1911 1856 2245 1941 ingentem
2288 1866 2543 1921 senten-

246 1959 497 2022 tiarum
540 1956 938 2040 farraginem
980 1956 1254 2020 corrasit
1297 1977 1534 2042 easque
1580 1994 1650 2004 —
1701 1978 1972 2035 numero
2014 1957 2142 2021 duo
2185 1956 2322 2021 fere
2363 1958 2544 2022 milia

253 2098 331 2107 —
384 2058 473 2123 ad
529 2057 824 2122 ordinem
878 2056 1211 2144 alphabeti
1267 2056 1565 2142 digessit.
1655 2057 1926 2127 Publilii
1978 2060 2337 2123 sententiae
2378 2058 2545 2124 aliae

246 2160 339 2226 ad
385 2159 735 2224 arbitrium
779 2160 1176 2242 immutatae,
1223 2159 1663 2225 subobscurae
1694 2169 1758 2224 et
1788 2162 2220 2246 corruptiores
2251 2160 2547 2226 consulto

248 2264 568 2344 omissae,
626 2260 795 2324 aliae
852 2261 1131 2348 denique
1186 2284 1303 2348 pro
1356 2260 1618 2326 modulo
1663 2270 1728 2325 et
1780 2261 2043 2345 ingenio
2102 2260 2380 2327 hominis
2424 2261 2544 2326 lin-

246 2386 429 2451 guae
469 2363 712 2427 latinae
755 2385 887 2428 non
931 2364 1217 2451 im'periti
1232 2412 1251 2446 ,
1298 2363 1415 2427 sed
1459 2363 1672 2428 invita
1716 2361 2061 2450 pleraeque
2104 2362 2405 2428 Minerva
2447 2385 2544 2428 re-

246 2467 450 2531 fictae
496 2474 670 2531 sunt.

430 2566 748 2632 Ultimum
808 2587 1236 2632 commemoro
1309 2567 1413 2653 11)
1462 2565 1815 2631 codicem
1876 2565 2541 2651 Bambergensem

249 2668 503 2734 saeculi
534 2668 733 2732 XIII.
778 2690 818 2731 a
863 2666 1190 2733 Gulielmo
1233 2669 1504 2757 Meyero
1546 2667 1842 2755 Spirensi
1885 2666 2390 2753 diligentissime
2434 2668 2543 2733 de-

250 2774 575 2857 scriptum
620 2781 684 2834 et
726 2770 912 2852 mihi,
959 2791 1087 2856 qua
1127 2768 1241 2834 ille
1285 2780 1386 2851 est
1428 2771 1863 2853 officiositate,
1908 2770 2383 2855 transmissum,
2429 2772 2544 2836 sed

250 2876 351 2939 ita
405 2882 813 2960 corruptum,
871 2880 947 2936 ut
1000 2869 1431 2937 deterioribus
1486 2872 1675 2936 libris
1733 2872 1820 2937 sit
1874 2870 2431 2938 adnumerandus:
2490 2875 2544 2936 si

256 2997 392 3062 qua
436 2975 621 3039 offert
663 2975 982 3062 speciosa,
1029 2973 1204 3038 haud
1249 2973 1449 3038 dubie
1491 2995 1708 3038 merae
1753 2974 2165 3039 coniecturae
2205 2969 2545 3039 debentur.

255 3062 452 3156 Quae
494 3075 656 3141 mihi
699 3076 828 3142 suit
871 3098 1070 3141 causa
1113 3076 1274 3140 satis
1318 3075 1571 3158 idonea,
1620 3098 1737 3140 cur
1774 3077 1842 3140 in
1872 3074 2293 3140 adnotatione
2323 3076 2546 3140 critica

253 3178 671 3266 paucissimis
714 3185 968 3244 tantum
1013 3178 1173 3243 locis
1219 3178 1358 3243 eius
1409 3177 1693 3241 facerem
1738 3178 2157 3245 mentionem.
2246 3177 2545 3243 Prudens

253 3279 522 3365 silentio
580 3279 994 3365 praetermisi
1058 3277 1352 3344 codicem
1416 3278 1753 3344 Cusanum
1820 3277 2064 3343 saeculi
2124 3279 2286 3344 XII.
2354 3299 2546 3366 quem

255 3382 608 3468 descripsit
636 3380 679 3445 J
684 3380 975 3467 osephus'
995 3380 1196 3444 Klein
1224 3380 1294 3444 in
1323 3380 1489 3446 libro
1520 3382 1838 3468 inscripto
1871 3380 2118 3445 ‘Ueber
2147 3382 2292 3446 eine
2316 3377 2542 3447 Hand-

257 3482 497 3548 sehrift
555 3480 669 3546 des
726 3481 1037 3547 Nicolaus
1093 3505 1228 3549 von
1273 3483 1476 3568 Cues,
1534 3481 1749 3549 Berol.
1802 3483 2010 3564 1866’,
2067 3484 2235 3548 sicut
2290 3481 2547 3549 codices

256 3584 594 3649 Parisinos
648 3586 903 3672 aliquos
962 3584 1207 3649 saeculi
1252 3584 1443 3649 XIV.
1486 3586 1642 3672 quia
1695 3584 1921 3648 critico
1972 3583 2136 3648 nihil
2183 3606 2267 3649 ex
2320 3585 2402 3650 iis
2446 3606 2543 3648 re-

257 3686 515 3751 dundat
558 3686 723 3751 lucri
736 3689 823 3775 ²⁸³).
909 3686 1133 3751 Unum
1179 3686 1412 3772 excepi
1442 3696 1642 3773 atque
1672 3684 1758 3749 ad
1788 3672 2210 3751 illustrandos
2243 3707 2309 3750 v.
2338 3686 2544 3752 636-

254 3790 381 3853 651
428 3789 500 3852 in
541 3798 758 3875 partes
802 3790 1039 3853 vocavi
1420 3788 1425 3793 ’

434 3890 540 3975 12)
588 3890 947 3956 codicem
1012 3890 1467 3955 Parisinum
1522 3888 1658 3954 lat.
1715 3889 1917 3973 8027,
1983 3890 2544 3954 membranaceum

259 3990 507 4055 saeculi
538 3991 727 4058 XIV.
762 3994 894 4078 (π),
938 3992 1115 4057 haud
1158 3994 1468 4078 ignorans
1515 3993 1653 4056 eius
1699 3993 2152 4057 auctoritatem
2196 3990 2544 4055 admodum

258 4116 405 4158 esse
449 4104 837 4182 suspectam.
926 4096 1362 4159 Continentur
1407 4094 1579 4158 enim
1627 4092 1738 4157 fol.
1770 4093 1854 4158 89
1883 4116 1980 4180 sq.
2028 4094 2312 4156 Senecae
2356 4091 2548 4154 ‘liber

256 4195 345 4258 de
399 4195 684 4260 moribus
742 4196 850 4260 vel
903 4196 1255 4284 disciplina
1307 4219 1423 4260 seu
1477 4194 1684 4260 libero
1728 4195 2027 4261 arbitrio’
2086 4204 2151 4258 et
2206 4191 2544 4257 ‘Eiusdem

398 4350 453 4417 *)
491 4352 749 4407 Codieem
776 4353 1017 4417 ‘Publilii
1052 4354 1449 4405 sententiarum
1488 4352 1713 4403 saeculo
1748 4352 1818 4405 X.
1853 4352 2144 4417 seriptum,
2180 4347 2273 4415 qui
2309 4362 2454 4399 nune
2489 4347 2548 4397 in

256 4435 602 4488 bibliotheca
637 4439 802 4490 Firm.
838 4440 1055 4490 Didotii
1090 4444 1436 4503 asservatur,
1486 4441 1874 4489 commemorat
1909 4434 2118 4487 Theod.
2157 4435 2545 4496 Mommsenus,

254 4521 402 4571 Mus.
440 4522 613 4574 Rhea.
650 4522 757 4574 vol.
796 4524 1000 4575 xvm.
1038 4540 1129 4591 με.
1166 4527 1283 4577 594.

2073 4610 2142 4656 2..
