3209 5184
927 475 1237 523 PUBLILII
1283 476 1439 524 sym
1483 476 1943 524 sumamma.
2488 462 2569 526 87

458 628 880 694 Maledictum
926 629 1413 715 interpretando
1457 629 1660 692 facias
1702 628 1939 693 acrius.

456 729 632 796 Male
675 752 896 794 secum
938 732 1077 815 agit
1119 751 1332 815 aeger,
1378 730 1703 795 medicum
1747 731 1859 816 qui
1902 729 2207 794 heredem
2253 730 2432 795 facit.

457 833 676 897 Minus
720 831 1066 918 decipitur,
1114 837 1216 895 cui
1260 841 1536 916 negatur
1581 831 1897 896 celeriter.

456 934 674 998 Mutat
717 954 787 997 se
828 932 1089 997 bonitas
1131 935 1400 997 inritata
1442 934 1704 997 iniuria.

283 1043 407 1101 335
455 1035 695 1100 Mulier
737 1057 886 1100 cum
930 1033 1067 1098 sola
1111 1036 1377 1118 cogitat,
1423 1032 1590 1097 male
1637 1034 1901 1120 cogitat.

454 1137 631 1202 Male
674 1137 889 1200 facere
933 1136 1046 1221 qui
1089 1134 1255 1218 vult,
1299 1157 1651 1221 numquam
1694 1157 1824 1199 non
1869 1157 2125 1198 causam
2171 1135 2446 1199 invenit.

454 1237 808 1303 Malivolus
854 1258 1105 1322 semper
1147 1259 1261 1300 sua
1305 1246 1537 1300 natura
1580 1238 1888 1301 vescitur.

452 1339 697 1404 Multos
743 1340 972 1403 timere
1016 1338 1233 1418 debet,
1280 1359 1471 1424 quem
1515 1339 1704 1402 multi
1747 1340 2001 1402 timent.

454 1441 629 1505 Male
674 1440 1050 1528 imperando
1096 1461 1420 1503 summum
1464 1441 1812 1526 imperium
1856 1441 2200 1503 amittitur.

282 1551 408 1608 340
454 1542 716 1623 Mulier,
763 1563 927 1628 quae
971 1540 1191 1605 multis
1238 1541 1447 1622 nubit,
1493 1540 1714 1604 multis
1759 1564 1890 1606 non
1934 1540 2170 1628 placet.

452 1640 804 1707 Malivolus
847 1644 1101 1705 animus
1144 1642 1405 1708 abditos
1452 1641 1681 1706 dentes
1727 1641 1945 1705 habet.

454 1744 784 1808 Medicina
828 1743 1215 1807 calamitatis
1260 1754 1360 1808 est
1402 1745 1901 1829 aequanimitas

454 1845 798 1910 Muliebris
842 1844 1112 1917 lacrima
1156 1844 1641 1909 condimentum
1687 1854 1786 1908 est
1829 1843 2138 1909 malitiae.

455 1949 701 2011 Metum
743 1947 1067 2031 respicere
1110 1955 1240 2009 non
1283 1943 1449 2010 solet
1494 1944 1815 2032 quidquid
1861 1948 2063 2011 iuvat.

282 2057 405 2113 345
455 2049 630 2113 Malo
677 2048 872 2111 etiam
913 2068 1167 2133 parcas,
1212 2048 1270 2111 si
1310 2069 1442 2112 una
1484 2056 1584 2111 est
1630 2050 1956 2134 periturus
2002 2048 2232 2112 bonus.
2413 2017 2498 2174 f

454 2149 767 2233 Magnum
809 2148 1052 2211 crimen
1095 2170 1316 2212 secum
1357 2147 1574 2212 adfert
1618 2148 2002 2233 indignatio.

456 2248 667 2313 Malus
712 2251 836 2314 etsi
880 2247 1112 2314 obesse
1154 2271 1286 2314 non
1328 2258 1503 2336 pote,
1549 2259 1769 2314 tamen
1813 2251 2077 2335 cogitat.

283 2578 555 2619 comens
586 2580 634 2616 v.
669 2561 1031 2620 soe—340:
1076 2559 1486 2634 eamme),
1531 2580 1580 2621 v.
1617 2560 1979 2620 341—376:
2024 2561 2208 2635 ΜΤ)

454 2715 570 2770 331
623 2713 714 2787 Cf.
748 2732 797 2771 v.
831 2714 952 2770 252
1126 2714 1465 2770 maledictum
1497 2714 1633 2769 male
1663 2715 2071 2787 interpretando
2105 2715 2150 2772 0
2303 2714 2469 2771 facies
2503 2716 2565 2788 0,

282 2801 567 2856 Erasmus
776 2801 958 2873 agrius
990 2799 1045 2853 P
1255 2797 1375 2855 332
1420 2814 1584 2871 aeger
1626 2817 1732 2854 om.
1777 2801 1901 2855 cod.
1939 2800 2357 2857 Penthaleom's

281 2885 406 2941 333
453 2883 701 2939 celeriter
730 2893 960 2957 negatur
995 2884 1088 2939 TC
1266 2882 1387 2938 334
1433 2884 1646 2938 inritata
1695 2882 1868 2957 (quod
1883 2903 2000 2955 pro
2031 2888 2377 2942 nominativo
2409 2891 2564 2942 acci-

278 2967 402 3040 pio)
433 2969 733 3028 Pithoeus.-
775 2984 895 3023 cum
935 2969 1188 3023 inritatur
1217 2969 1353 3038 PR,
1402 2984 1523 3023 cum
1552 2969 1797 3023 irritatur
1827 2967 1953 3040 FC,
1985 2986 2106 3024 cum
2136 2970 2408 3042 irrogatur
2440 2973 2564 3026 cod.

280 3054 733 3115 Pantlmleom’s3
776 3069 896 3107 cum
936 3053 1120 3108 irrites
1154 3054 1437 3109 Erasmus
1609 3052 1731 3109 335
1781 3051 1827 3107 C
1881 3054 2036 3109 Vinc.
2079 3055 2228 3110 Bell.
2273 3070 2361 3125 sp.
2403 3057 2458 3110 cI.
2504 3054 2564 3126 5,

286 3138 399 3208 10,
443 3153 530 3207 sp.
574 3155 632 3192 n.
678 3136 791 3207 31,
831 3137 944 3193 115
1119 3137 1241 3194 336
1285 3154 1576 3211 numquam
1630 3154 1740 3192 non
1784 3154 1830 3193 c.
1873 3138 1932 3208 i.,
1985 3140 2175 3195 addito
2223 3138 2310 3193 alii
2352 3154 2563 3193 causam

280 3238 573 3294 numquam
614 3222 816 3277 invenit
845 3222 959 3278 Pb.-
1005 3237 1268 3295 nusquam
1300 3238 1411 3276 non
1442 3224 1498 3277 F
1524 3223 1838 3292 ErasmuS,
1883 3239 2174 3295 numquam
2205 3223 2384 3294 PaR,
2426 3240 2564 3278 non·

280 3322 556 3379 nunquam
605 3306 758 3361 Vinc.
794 3305 941 3362 Bell.
973 3323 1060 3378 sp.
1091 3309 1147 3362 d.
1179 3306 1251 3377 4,
1288 3307 1428 3378 106,
1459 3307 1583 3381 plus
1616 3323 1774 3379 quam
1806 3323 1916 3362 non
1946 3307 2060 3363 vult
2090 3309 2294 3364 invenit
2329 3306 2375 3362 C

280 3391 405 3448 337
452 3391 717 3445 nascitura
745 3391 831 3445 Pb
1022 3398 1270 3447 vescetur
1301 3393 1371 3462 F,
1404 3393 1632 3446 vestitus
1665 3392 1711 3448 C
1905 3391 2026 3448 338
2074 3393 2286 3448 Similis
2318 3400 2403 3448 est
2435 3408 2562 3448 ver-

278 3493 382 3532 sus
414 3475 667 3544 Laberii,
714 3491 877 3547 quem
918 3480 975 3531 in
1010 3475 1317 3531 Caesarem
1344 3478 1555 3533 dictum
1591 3479 1850 3547 populus
1889 3482 2145 3550 accepit,
2191 3477 2404 3546 (Macr.
2438 3476 2562 3533 Sat.

280 3561 341 3631 2,
376 3560 435 3629 7,
465 3558 527 3630 4)
558 3559 809 3615 ‘Necesse
839 3570 922 3616 est
955 3561 1153 3616 multos
1184 3562 1400 3631 timeat,
1442 3577 1603 3634 quem
1634 3560 1791 3615 multi
1820 3561 2053 3616 timent'.
2143 3561 2232 3633 Cf.
2282 3563 2470 3617 Vellei.
2506 3562 2560 3631 2,

281 3646 361 3700 57
394 3646 465 3699 de
497 3644 752 3700 Caesare
797 3644 957 3701 ‘mori
999 3662 1059 3700 se
1090 3662 1249 3718 quam
1293 3647 1480 3701 timere
1510 3644 1694 3714 velle’‚
1735 3646 1888 3701 Plut.
1923 3645 2086 3701 Caes.
2119 3646 2219 3701 57.
2328 3646 2565 3702 Versum

278 3730 670 3786 Laberianum
699 3728 942 3786 Publilio
985 3732 1180 3787 tribuit
1208 3732 1465 3786 Ioannes
1494 3730 1733 3790 Saresb.
1763 3731 1975 3786 Polior.
2009 3730 2081 3802 8,
2116 3730 2214 3785 14.
2301 3732 2390 3787 De
2419 3751 2561 3788 mor.

284 3813 363 3870 62
412 3812 533 3880 ‘Qui
575 3830 604 3866 a
647 3813 828 3868 multis
872 3816 1121 3885 timetur,
1175 3815 1379 3870 multos
1423 3815 1622 3885 timet'‚
1676 3815 1893 3871 Auson.
1954 3816 2066 3872 VII
2104 3816 2245 3887 Sap.
2288 3816 2560 3873 Periand.

282 3896 487 3953 ‘Multis
532 3896 783 3952 terribilis
829 3900 1016 3954 timeto
1058 3899 1308 3971 multos'‚
1351 3900 1523 3957 Solon
1567 3918 1664 3970 ap.
1694 3901 1902 3956 Anton.
1947 3900 2160 3957 Meliss.
2205 3916 2375 3956 serm.
2424 3895 2561 3972 περὶ

281 3977 591 4057 βασιλέως,
640 3981 812 4038 Orell.
846 4000 1044 4054 opusc.
1077 4002 1217 4040 mor.
1254 3986 1322 4054 1,
1357 3984 1508 4056 162,
1547 3984 1621 4040 19
1805 3984 1927 4042 339
1976 3985 2076 4041 EC
2243 3984 2368 4041 340
2410 3985 2561 4041 nubit

282 4068 361 4122 F.-
391 4065 559 4122 nubet
588 4065 694 4121 PR
710 4090 728 4128 ;
771 4065 925 4122 nubit
953 4066 1168 4138 multis,
1215 4068 1397 4124 multis
1428 4085 1537 4124 non
1569 4069 1747 4142 placet
1778 4071 2061 4125 Erasmus
2231 4067 2349 4124 341
2402 4069 2562 4124 male-

284 4151 438 4207 volus
469 4153 719 4208 editores
887 4151 1008 4207 342
1056 4153 1147 4223 Cf.
1182 4172 1230 4208 v.
1267 4154 1384 4209 657
1560 4151 1683 4210 343
1729 4170 1776 4208 c.
1808 4170 1879 4208 m.
1912 4163 1996 4208 est
2028 4155 2259 4223 Gruter,
2297 4160 2380 4206 est
2410 4170 2457 4206 c.
2489 4169 2558 4206 m.

284 4236 467 4292 Bothe
641 4234 761 4291 344
807 4234 999 4291 Metam
1029 4238 1258 4310 Miihly,
1307 4245 1482 4293 metus
1512 4239 1737 4310 Meyer.
1828 4237 1919 4308 Cf.
1952 4238 2084 4294 Sen.
2130 4239 2201 4293 de
2240 4241 2332 4292 ira
2366 4236 2424 4307 2,
2457 4236 2558 4306 31,

285 4320 323 4376 5
354 4319 471 4375 ‘Ubi
516 4321 741 4375 maxime
783 4319 1073 4394 gaudebiS,
1121 4323 1344 4377 maxime
1384 4320 1640 4378 metues'.
1854 4321 1976 4377 345
2024 4321 2109 4393 Cf.
2141 4340 2192 4376 v.
2226 4320 2346 4375 224

285 4404 404 4460 346
448 4421 642 4477 magna
682 4413 766 4459 est
805 4421 926 4459 cum
970 4407 1171 4460 crimen
1211 4405 1386 4461 adfert
1431 4406 1729 4480 indignatio
1777 4406 1956 4461 Bothe
2179 4404 2299 4462 347
2348 4406 2451 4461 etsi
2493 4447 2507 4460 .
2546 4449 2559 4461 .

285 4498 410 4561 pote
443 4491 688 4545 Gruter.-
731 4489 890 4545 etiam
920 4492 965 4546 si
999 4533 1013 4546 .
1049 4533 1062 4545 .
1099 4499 1283 4564 potest
1312 4493 1380 4561 F,
1415 4499 1599 4565 potest
1629 4499 1737 4545 tam
1769 4494 1917 4546 coni.
1950 4490 2152 4546 Bothe.
2479 4487 2488 4494 ”
