3209 5184
793 1235 1107 1347 Septem
1169 1233 1624 1346 Sapientum
1685 1229 2107 1321 sententiae
2158 1244 2172 1264 ⁸

842 1404 845 1407 ¹
946 1418 1227 1502 septenis
1271 1417 1558 1482 versibus
1604 1418 1955 1502 explicatae

1025 1556 1029 1559 ’
1199 1552 1303 1622 [ab
1346 1551 1697 1623 Ausonio}

1084 1705 1149 1771 1.
1214 1705 1386 1772 Bias
1427 1705 1809 1771 Prieneus.

472 1841 816 1925 Quaenam
859 1863 1112 1906 summa
1154 1841 1357 1906 boni?
1401 1863 1583 1906 mens
1631 1864 1889 1930 semper
1931 1843 2192 1907 conscia.
2232 1843 2419 1906 recti.

468 1945 799 2009 Pernicies
843 1944 1089 2009 homini
1135 1965 1300 2030 quae
1342 1944 1677 2008 maxima?
1736 1943 1910 2010 solus
1955 1943 2146 2010 homo
2192 1944 2378 2008 alter.

472 2047 637 2128 Quis
683 2045 919 2110 dives?
976 2047 1090 2133 qui
1131 2043 1227 2109 nil
1272 2046 1512 2132 cupiet.
1603 2045 1769 2126 Quis
1816 2046 2115 2134 pauper?
2175 2068 2433 2110 avarus.
2515 2107 2522 2113 .

472 2147 659 2230 Quae
704 2147 821 2212 dos
868 2147 1180 2212 matronis
1225 2145 1712 2235 pulcherrima?
1755 2148 1893 2211 vita
1936 2147 2195 2236 pudica.

471 2250 657 2333 Quae
701 2258 879 2314 casta
924 2249 1069 2313 est?
1114 2248 1198 2312 de
1244 2271 1373 2336 qua
1416 2250 1682 2313 mentiri
1725 2248 1901 2313 fama.
1943 2258 2228 2314 veretur.

471 2351 668 2433 Quod
712 2351 1047 2439 prudentis
1094 2350 1306 2440 opus?
1352 2373 1498 2415 cum
1543 2353 1776 2438 possis,
1823 2350 1993 2416 nolle
2037 2372 2290 2418 nocere.

471 2454 650 2535 Quid
695 2452 881 2518 stulti
923 2452 1306 2540 proprium?
1350 2473 1483 2516 non
1526 2475 1720 2540 posse
1766 2462 1830 2518 et
1872 2451 2045 2516 velle
2089 2475 2344 2518 nocere.

938 2638 1005 2705 2.
1067 2639 1404 2706 Pittacus
1445 2639 1949 2720 Mitylenaeus.

470 2777 684 2863 Loqui
728 2775 1081 2860 ignorabit,
1129 2775 1242 2861 qui
1285 2784 1503 2840 tacere
1546 2775 1816 2841 nesciet.

470 2878 651 2944 Bono
697 2877 962 2964 probari
1004 2875 1197 2959 malo,
1244 2900 1435 2965 quam
1479 2876 1702 2942 multis
1747 2876 1957 2942 malis.

468 3057 863 3114 Adnotatio
909 3059 1197 3112 critica.
1287 3056 1443 3111 P=
1468 3057 1658 3113 codeoe
1677 3056 1986 3112 Parisinus
2013 3055 2072 3111 S.
2094 3056 2283 3116 Germ.
2305 3057 2407 3111 lat.
2427 3053 2589 3114 1044

295 3159 454 3201 saec.
487 3143 606 3212 XI,
655 3142 709 3196 B
737 3164 821 3186 =
851 3141 1043 3218 codex
1072 3140 1420 3198 Basiliensis
1460 3143 1603 3214 siyn.
1638 3141 1712 3196 B.
1745 3141 1820 3196 Χ.
1854 3139 1964 3206 35,
1997 3155 2152 3197 saec.
2184 3140 2372 3210 XIII,
2408 3141 2479 3196 M
2500 3164 2585 3187 =

296 3230 429 3285 cod.
456 3228 903 3300 Bamberyensis
933 3223 1061 3298 (vid.
1082 3226 1308 3300 Proleq.
1338 3242 1434 3299 pq.
1462 3223 1563 3297 19)
1594 3227 1926 3297 descriptus
1956 3244 1992 3281 a
2020 3225 2293 3283 Gulielmo
2316 3225 2556 3299 Meyer-o
2573 3250 2588 3278 .-

295 3315 351 3368 A
379 3336 462 3358 =
493 3314 579 3369 ed.
611 3314 848 3368 Ausonii
890 3314 1032 3366 anni
1064 3309 1262 3382 1730,
1310 3310 1354 3367 Ο
1381 3335 1467 3357 =
1495 3310 1583 3367 Io.
1619 3309 1788 3368 Conr.
1828 3310 2077 3368 Orellius
2116 3315 2175 3368 in
2207 3326 2408 3382 opusc.
2441 3317 2583 3367 sent.

298 3404 358 3455 et
386 3399 589 3457 moral.
624 3397 682 3468 1,
717 3395 835 3452 197
868 3412 951 3469 sq.
1127 3394 1344 3469 Septem
1378 3395 1630 3452 Graeciae
1661 3395 1974 3470 Sapientum
2003 3396 2305 3452 sententiae
2342 3395 2386 3452 0

239 3495 247 3501 ·
297 3483 540 3557 septenis
571 3479 814 3537 versibus
846 3479 1142 3554 explicatae
1172 3480 1376 3552 BMO,
1409 3484 1522 3537 nisi
1548 3483 1703 3554 quod
1730 3481 1787 3536 B
1813 3479 2020 3537 verbis:
2062 3499 2166 3538 om.
2196 3481 2276 3544 P,·
2318 3478 2382 3535 ah
2414 3479 2586 3534 Auso·

297 3568 392 3623 nio
432 3570 520 3624 vel
563 3569 767 3623 similia
810 3567 1030 3623 addunt
1071 3568 1335 3623 editores.
1423 3565 1867 3640 Subsequuntur
1906 3570 1964 3622 in
2007 3565 2157 3622 BM:
2215 3565 2462 3638 ipsorum
2503 3571 2589 3619 est

298 3651 645 3708 observatum
677 3649 776 3724 (ita
809 3650 882 3720 B,
914 3651 1032 3723 ipse
1062 3658 1148 3706 est
1176 3650 1370 3707 modus
1399 3649 1509 3723 M),
1542 3659 1603 3706 ut
1633 3649 1743 3705 bini
1776 3650 1949 3705 ultimi
1978 3666 2167 3705 versus
2196 3666 2295 3724 per
2324 3650 2590 3706 antitheta

302 3734 577 3793 finiantur.
742 3731 786 3791 '1
833 3735 951 3791 Bias
980 3729 1268 3812 Prieneus]
1301 3743 1525 3811 pytacus
1556 3734 1845 3792 niclitenus
1877 3736 1945 3791 M
2107 3735 2165 3807 1,
2200 3736 2231 3789 1
2265 3734 2395 3790 boni
2425 3741 2510 3790 est
2538 3735 2593 3790 P

468 3837 683 3895 semper
711 3820 885 3877 PBM
899 3845 914 3875 .-
960 3835 1096 3894 quae
1126 3819 1228 3876 sihi
1256 3820 1378 3878 ΑΟ.
1454 3822 1750 3878 Walterus
1780 3822 2058 3878 Burleius
2086 3822 2156 3877 de
2187 3823 2301 3877 vita
2333 3826 2387 3876 et
2416 3824 2586 3876 mori·

296 3908 404 3964 bus
436 3907 914 3979 philosophorum
955 3921 1002 3960 s·
1043 3923 1092 3961 v.
1134 3907 1316 3962 Bias.-
1361 3903 1761 3980 ‘Interrogatus
1800 3906 1916 3961 Bias
1959 3905 2088 3981 quid
2129 3906 2201 3961 sit
2241 3906 2296 3961 in
2339 3905 2439 3961 hac
2478 3906 2584 3960 vita

296 3993 582 4065 optimum,
613 3991 716 4062 ait,
749 3990 895 4046 Mens
926 3988 1028 4046 sibi
1057 3988 1231 4046 bonae
1262 3990 1601 4047 rectitudinis
1633 3989 1891 4048 conscia'.
2096 3991 2154 4062 1,
2187 3989 2223 4044 2
2256 3990 2490 4046 hominis
2522 3987 2594 4043 M
2691 4036 2696 4041 .

472 4075 531 4147 1,
563 4075 601 4133 3
646 4076 828 4150 cupiet
856 4075 1058 4131 PBM.-
1101 4076 1282 4149 cupiat
1309 4075 1430 4132 ΑΟ.
1494 4076 1583 4149 Cf.
1620 4076 1756 4133 Sen.
1787 4080 1950 4148 epist.
1985 4076 2044 4147 2,
2079 4076 2114 4132 6
2290 4075 2322 4129 1
2344 4116 2360 4145 ,
2392 4071 2431 4128 4
2476 4089 2585 4129 ma-

301 4162 472 4217 tronis
502 4161 640 4217 PB.-
683 4168 958 4217 matronae
988 4160 1152 4217 MAO
1326 4161 1384 4232 1,
1417 4159 1454 4216 5
1501 4169 1586 4217 est
1617 4178 1723 4219 om.
1756 4161 1813 4216 B
1988 4162 2043 4231 1,
2078 4160 2114 4216 6
2162 4159 2309 4232 quod
2338 4159 2419 4214 P.-
2452 4157 2583 4231 quid

298 4245 521 4303 BMAO
690 4245 869 4319 possis
900 4244 980 4300 P.-
1022 4246 1198 4319 possit
1228 4246 1450 4303 BMAO
1572 4241 1575 4244 ’

468 4330 505 4387 2
552 4332 728 4404 asperi
759 4346 959 4403 cneus»,
1002 4329 1060 4403 (i.
1094 4347 1139 4387 e.
1175 4331 1321 4387 Bias
1349 4329 1655 4403 Prieneus)
1685 4330 1779 4401 M,
1812 4329 1893 4402 cs.
1928 4331 2008 4386 ad
2038 4329 2070 4384 1
2247 4326 2318 4399 2,
2355 4327 2382 4381 1
2433 4326 2584 4401 loqui

295 4434 409 4473 non
440 4414 621 4472 licebit
652 4415 709 4470 B
879 4410 1000 4493 qui]
1037 4432 1157 4472 cum
1195 4416 1238 4472 0
1385 4416 1592 4472 nesciat
1620 4416 1689 4471 P.
1765 4415 1934 4472 Watt.
1972 4414 2138 4471 Bure.
2170 4429 2216 4471 s,
2254 4430 2301 4469 v.
2336 4411 2579 4487 Pythaq.

297 4499 496 4574 ‘Loqui
526 4502 769 4576 ignorat,
800 4502 892 4575 qui
926 4509 1103 4558 tacere
1131 4498 1353 4575 nescit',
1384 4500 1525 4557 haud
1558 4499 1811 4573 absurde,
1834 4516 1958 4557 cum
1985 4498 2319 4574 Pythagoras
2351 4495 2585 4572 discipu-
