3209 5184
622 482 742 548 122
1399 499 1837 547 ΒΕΝΤΕΝΤῙΑΕ
1883 461 2112 548 ΕΑιεό

788 651 947 719 Cum
996 653 1079 716 de
1120 652 1310 717 unius
1353 651 1646 718 moribus
1690 650 2035 735 iudicabis,
2083 651 2167 716 de
2209 651 2488 739 publicis
2535 654 2769 738 cogita.

788 753 954 819 Cum
995 753 1368 818 hominibus
1413 774 1660 840 pacem,
1708 751 1880 817 bella
1925 775 2071 817 cum
2115 753 2299 817 vitiis
2345 754 2531 819 habe.

784 854 951 920 Cum
994 875 1151 941 pare
1190 854 1579 919 contendere
1622 853 1952 937 indecens,
2001 876 2146 918 cum
2189 857 2520 942 superiore
2550 855 2903 938 furiosum,

1834 977 1980 1019 cum
2022 955 2330 1021 inferiore
2373 956 2730 1022 sordidum.

697 1120 700 1123 ,
787 1056 1154 1144 Cupiditati
1197 1057 1385 1121 tarda
1430 1065 1529 1121 est
1573 1056 1719 1143 ipsa
1764 1055 2082 1121 celeritas.
2395 1071 2432 1096 N

660 1167 742 1226 90
783 1158 1114 1223 Damnum
1155 1160 1286 1223 nisi
1332 1181 1417 1222 ex
1459 1157 1864 1223 abundantia
1907 1180 2050 1222 raro
2097 1158 2300 1223 venit.

783 1261 999 1325 Datur
1042 1262 1291 1325 meritis
1337 1260 1656 1325 maiorum
1700 1258 1878 1324 nulla
1921 1257 2149 1344 gloria.

785 1362 1116 1427 Deformis
1163 1361 1496 1426 simiarum
1542 1361 1665 1425 erit
1706 1359 2163 1447 pulcherrima.

785 1465 1072 1528 Demens
1120 1472 1217 1527 est
1261 1462 1554 1549 quisquis
1602 1470 1890 1549 praestat
1937 1462 2140 1527 errori
2184 1462 2403 1527 fidem.

786 1565 930 1630 Deo
975 1567 1239 1629 favente
1282 1565 1556 1649 naviges
1603 1563 1710 1627 vel
1756 1565 2022 1628 vimine.

662 1673 740 1731 95
785 1664 1199 1732 Desiderium
1242 1664 1475 1729 melius
1522 1666 1731 1730 vitam
1776 1664 2257 1754 custod[iv]erit
2302 1687 2495 1754 quam
2541 1667 2753 1733 timor.

784 1768 947 1832 Dies
993 1765 1380 1853 quandoque
1423 1788 1730 1850 noverca,
1779 1766 2166 1854 quandoque
2212 1778 2307 1833 est
2353 1791 2608 1856 parens.

790 1865 1082 1932 Difficile
1126 1867 1509 1933 reciduntur
1556 1867 1765 1955 [vitia]
1786 1918 1804 1952 ‚
1851 1891 2016 1956 quae
2060 1869 2402 1934 nobiscum
2449 1872 2794 1949 creverint.

782 1967 1134 2034 Difficilius
1180 1978 1280 2035 est
1320 1968 1676 2054 moderari,
1723 1968 1840 2034 ubi
1880 1969 2090 2034 dolori
2136 1970 2411 2036 debetur
2453 1971 2650 2057 ultio,
2706 1995 2914 2060 quam

1832 2070 1949 2135 ubi
1995 2071 2311 2159 exemplo.

782 2173 1060 2237 Discute
1105 2171 1278 2261 quod
1322 2170 1553 2238 audias
1598 2193 1810 2256 omne,
1857 2172 2033 2259 quod
2079 2174 2305 2239 credas
2351 2174 2575 2261 proba.

621 2284 742 2341 100
783 2275 1126 2341 Dissensio
1174 2274 1453 2365 analio,
1499 2296 1538 2337 a
1581 2282 1648 2338 te
1692 2274 1779 2338 sit
1822 2272 2285 2340 reconciliatio,

782 2376 1158 2443 Dissolutus
1205 2385 1304 2442 est
1346 2374 1598 2440 deliciis
1632 2375 1815 2440 cuius
1850 2374 2021 2440 latus
2049 2375 2260 2442 alieno
2291 2375 2514 2442 labore
2545 2377 2907 2444 condoluit.

781 2479 982 2545 Domi
1024 2500 1287 2543 manere
1330 2479 1548 2541 virum
1592 2477 1996 2543 fortunatum
2041 2478 2247 2544 decet.

782 2580 1067 2645 Domum
1114 2582 1226 2667 qui
1271 2578 1594 2663 aedificat,
1641 2577 2004 2666 impolitam
2047 2601 2128 2643 ne
2172 2579 2365 2645 sinat.

784 2679 1016 2745 Dulcis
1060 2681 1378 2746 malorum
1420 2681 1919 2766 praeteritorum
1962 2681 2291 2748 memoria.

618 2789 737 2848 105
784 2783 957 2869 Eget
999 2784 1210 2847 minus
1254 2782 1569 2866 mortaliS‚
1619 2805 1744 2869 quo
1789 2784 2004 2848 minus
2051 2784 2249 2870 cupit.
2312 2832 2315 2837 -

683 2901 690 2908 ·
783 2883 1219 2973 Eleemosyna
1247 2907 1377 2950 non
1406 2891 1537 2947 tam
1567 2884 2041 2972 accipientibus
2062 2906 2253 2970 quam
2277 2875 2585 2950 dantibus
2607 2883 2900 2972 prodest.

781 2986 1032 3051 Eodem
1074 2988 1290 3053 animo
1335 2986 1724 3052 beneficium
1769 2985 2063 3070 debetur,
2111 3007 2236 3072 quo
2282 2986 2496 3051 datur.

734 3247 812 3306 86
861 3248 933 3304 R.
962 3246 1088 3302 8ου.
1117 3245 1283 3302 deira
1301 3245 1361 3319 2,
1385 3246 1483 3304 31.
1511 3245 1548 3304 5
1666 3248 1746 3306 87
1794 3249 1861 3304 F.
1889 3247 1959 3303 De
1980 3263 2114 3303 mor.
2146 3245 2226 3304 34
2342 3246 2421 3304 88
2474 3247 2540 3304 R.
2576 3246 2702 3304 Sen.
2728 3247 2795 3304 de
2818 3250 2900 3304 ira

613 3331 673 3405 2,
700 3330 803 3404 34,
830 3331 862 3387 1
994 3331 1072 3388 89
1119 3331 1215 3387 Ps.
1249 3330 1399 3389 Caco.
1432 3330 1576 3388 Balb.
1603 3330 1747 3389 Mon.
1783 3333 1839 3405 1,
1869 3332 1967 3404 15,
1999 3349 2090 3405 pg.
2120 3332 2195 3388 19
2329 3332 2410 3389 90
2450 3334 2547 3388 Ps.
2570 3332 2723 3388 naec.
2748 3332 2896 3390 Balb.

612 3416 757 3474 Mon.
786 3419 841 3489 1,
871 3416 970 3488 17,
994 3433 1087 3489 pg.
1119 3415 1194 3473 19
1327 3416 1400 3473 91
1452 3417 1520 3473 F.
1656 3417 1734 3474 92
1782 3418 1889 3475 Bo.
1914 3415 2167 3473 Proverb.
2194 3433 2445 3491 graecum
2470 3420 2589 3473 τῶν
2611 3406 2901 3488 πιθήκων

612 3490 1047 3576 εὖμορφότατος
1079 3487 1419 3574 δύσμορφός
1449 3493 1604 3556 ἐστιν
1635 3501 1760 3557 0011.
1795 3501 2065 3557 Heraclito
2096 3518 2181 3575 ap.
2214 3500 2350 3557 Plat.
2375 3500 2533 3576 Hipp.
2558 3504 2678 3558 mai.
2709 3501 2831 3561 289
2861 3504 2899 3558 B

741 3588 819 3645 93
866 3589 965 3643 Ps.
993 3585 1116 3641 Sen.
1149 3585 1215 3643 de
1245 3585 1424 3647 henes.
1448 3585 1508 3658 4,
1535 3587 1615 3644 36
1748 3585 1827 3643 94
1875 3586 1980 3642 Bo.
2012 3584 2208 3642 Erasm.
2236 3585 2405 3660 Adag.
2430 3604 2484 3659 p.
2511 3585 2588 3642 14
2622 3605 2690 3643 ex
2720 3588 2895 3644 schol.

611 3673 886 3746 Aristoph.
919 3667 1070 3726 θεοῦ
1100 3664 1385 3739 θέλοντος
1416 3662 1531 3727 κᾶν
1562 3663 1660 3726 ἐπὶ
1691 3659 1864 3745 ῥιπὸς
1892 3664 2088 3737 πλέοις
2231 3669 2309 3728 95
2359 3670 2441 3726 Gr
2472 3671 2527 3727 2.
2562 3669 2711 3730 Caco.
2745 3671 2893 3728 Balb.

611 3754 752 3813 Mon.
786 3757 846 3828 8,
880 3755 939 3827 2,
971 3773 1062 3830 pg.
1098 3755 1172 3811 21
1338 3756 1414 3814 96
1462 3758 1567 3814 Bo.
1600 3756 1818 3812 Hesiod.
1868 3772 1991 3830 opp.
2026 3753 2146 3812 825
2189 3741 2394 3809 ἄλλοτε
2437 3741 2692 3829 μητρυιὴ
2735 3749 2899 3811 πέλει

610 3829 830 3913 ἡμέρη,
873 3830 1077 3894 ἄλλοτε
1108 3828 1322 3912 μήτηρ,
1353 3839 1598 3897 Favorin.
1632 3858 1714 3914 ap.
1750 3840 1976 3896 Gellium
2004 3839 2104 3911 17,
2132 3833 2231 3912 12',
2257 3838 2296 3893 4
2435 3840 2511 3896 97
2559 3842 2633 3898 R.
2668 3840 2792 3896 Sen.
2829 3841 2899 3896 de

609 3927 688 3981 ira
719 3924 778 3997 2,
811 3925 909 3996 18,
938 3923 973 3980 2
1106 3924 1184 3981 98
1233 3926 1332 3981 Ga.
1367 3924 1491 3981 Seu.
1524 3925 1591 3981 de
1622 3925 1775 3981 clem.
1812 3926 1870 3997 1,
1897 3924 1997 3997 20,
2029 3924 2060 3979 1
2204 3923 2281 3981 99
2334 3923 2432 3980 Gr.
2465 3941 2529 3980 ex
2559 3923 2715 3981 codd.
2747 3924 2899 3980 Pala-

613 4011 756 4066 tinis.
788 4009 937 4065 Caec.
968 4007 1110 4064 Balla.
1144 4008 1261 4064 Par.
1299 4009 1397 4079 69,
1429 4027 1521 4084 pg.
1556 4009 1637 4065 42
1793 4009 1914 4067 100
1956 4010 2025 4068 F.
2058 4008 2130 4063 De
2162 4024 2296 4064 mor.
2332 4006 2411 4066 49
2558 4009 2673 4068 101
2723 4011 2793 4066 R.
2831 4027 2898 4066 ex

611 4095 727 4151 cod.
763 4094 962 4169 Gryph.
1006 4096 1253 4151 collatus
1294 4112 1347 4149 a.
1393 4096 1567 4151 corde
1609 4111 1659 4150 c.
1700 4093 1824 4149 Sen.
1868 4093 1934 4149 de
1975 4095 2051 4150 ira
2083 4093 2153 4167 2,
2188 4093 2301 4167 25,
2338 4092 2370 4149 1
2619 4093 2735 4153 102
2783 4095 2892 4151 Be.

615 4178 860 4253 Apostol.
900 4178 997 4250 12,
1028 4178 1108 4236 45
1141 4174 1297 4233 οἴκοι
1330 4171 1528 4251 μένειν
1559 4173 1650 4234 δεῖ
1679 4169 1779 4234 τὸν
1810 4175 2002 4246 καλῶς
2032 4169 2358 4251 εὐδαίμονα
2489 4178 2606 4237 103
2654 4180 2759 4235 Bo.
2793 4178 2898 4234 He·

612 4264 750 4320 siod.
784 4282 907 4339 opp.
937 4263 1055 4323 746
1088 4256 1237 4337 μηδὲ
1267 4253 1448 4338 δόμον
1478 4259 1666 4320 ποιῶν
1695 4254 2073 4333 ἀνεπίξεστον
2115 4259 2486 4319 καταλείπειν
2618 4262 2737 4322 104
2783 4264 2895 4319 Bo.

612 4348 716 4404 Cio.
750 4349 816 4406 de
849 4347 935 4404 fin.
971 4348 1041 4421 2,
1073 4348 1173 4425 34.
1212 4348 1411 4406 Erasm.
1443 4349 1609 4423 Adag.
1653 4365 1745 4422 pg.
1777 4347 1899 4405 499
2091 4348 2209 4406 105
2257 4348 2350 4406 Ps.
2385 4348 2537 4404 Caec.
2570 4346 2714 4404 Balb.
2750 4347 2895 4402 Mon.

616 4432 715 4505 12,
740 4433 777 4492 8
810 4433 1031 4508 pg.,23.
1066 4433 1190 4490 Sen.
1224 4437 1382 4509 epist.
1417 4434 1474 4506 2,
1503 4434 1557 4491 6.
1591 4434 1657 4490 de
1689 4450 1821 4489 mor.
1848 4432 1948 4491 46.
1996 4432 2074 4490 Cs.
2100 4450 2261 4507 supra
2292 4452 2340 4490 v.
2369 4432 2489 4490 286
2621 4432 2739 4490 106
2788 4433 2893 4489 Ge.

611 4516 684 4574 De
714 4534 851 4576 mor.
886 4516 963 4575 55
1140 4519 1258 4578 107
1308 4520 1366 4577 S.
1400 4517 1526 4575 Sen.
1560 4518 1628 4575 de
1657 4518 1832 4574 henes.
1869 4520 1926 4591 1,
1964 4518 2019 4592 1,
2053 4519 2090 4577 8
