3209 5184
632 474 754 539 134
1413 449 1855 538 εΕΝΤΕΝΤῙλΕ
1900 487 2123 542 muso

793 641 991 708 Tanti
1043 641 1234 707 homo
1280 650 1380 706 est
1424 641 1565 705 sine
1610 640 1852 725 amico,
1915 643 2142 729 quanti
2194 666 2429 731 corpus
2480 644 2730 732 absque
2785 647 2923 733 spi-

1439 743 1570 809 ritu
1618 751 1736 807 est.
2344 823 2350 827 .

792 844 1028 911 Telum
1069 843 1232 910 fides
1276 845 1633 910 maioribus
1678 846 1921 911 nostris
1967 846 2347 912 maximum.

625 955 747 1016 365
792 947 1093 1013 Timidus
1139 955 1333 1013 vocat
1376 968 1446 1011 se
1492 955 1775 1030 cautum,
1821 967 2092 1033 parcum
2136 947 2464 1013 sordidus,

794 1050 1126 1136 Torquere
1171 1070 1404 1137 corpus
1453 1056 1640 1113 extra
1683 1055 1985 1112 naturam
2029 1057 2127 1113 est
2174 1072 2382 1115 suum.

792 1152 1035 1239 Turpis
1081 1152 1302 1238 inopia
1348 1157 1468 1233 est,
1515 1171 1680 1236 quae
1724 1150 2013 1216 nascitur
2056 1151 2138 1215 de
2182 1150 2416 1236 gloria.

796 1253 968 1319 Tuta
1013 1263 1112 1319 est
1155 1255 1427 1335 iactura,
1475 1272 1641 1338 quae
1683 1250 1759 1316 fit
1801 1250 2235 1338 neglegentia.

785 1355 960 1430 Tuta
1002 1376 1220 1443 saepe,
1263 1375 1618 1440 numquam
1663 1374 1893 1418 secura
1935 1353 2106 1418 mala
2150 1355 2551 1420 conscientia
2595 1366 2714 1422 est.

629 1466 754 1525 370
797 1457 1159 1522 Tutissima
1208 1477 1311 1521 res
1359 1466 1456 1522 est
1500 1457 1729 1520 timere
1772 1454 1867 1519 nil
1910 1466 2170 1542 praeter
2214 1456 2430 1521 deum.

789 1559 1137 1646 Tyrannus
1184 1579 1223 1622 a
1264 1579 1419 1644 rege
1463 1555 1666 1623 distat
1711 1554 1927 1641 factis,
1973 1580 2104 1623 non
2147 1557 2427 1622 nomine.

791 1660 927 1726 Ubi
973 1659 1326 1725 discrimen
1369 1660 1538 1725 inter
1579 1658 1786 1724 bonos
1832 1657 2166 1746 malosque
2209 1658 2535 1726 sublatum
2581 1669 2714 1744 est,
2762 1683 2916 1726 con-

1435 1760 1606 1827 fusio
1653 1761 1948 1848 sequitur
1992 1768 2057 1826 et
2099 1761 2410 1826 vitiorum
2455 1763 2730 1848 eruptio,

791 1864 928 1930 Ubi
971 1864 1254 1928 maxime
1297 1862 1643 1950 gaudebis,
1687 1871 1937 1928 metues
1981 1862 2287 1927 maxime.

788 1966 925 2032 Ubi
968 1964 1321 2052 tranquilla
1362 1964 1489 2030 tibi
1519 1965 1737 2030 omnia
1765 1964 2094 2047 videntur,
2139 1964 2264 2030 tibi
2305 1964 2402 2031 ibi
2430 1966 2727 2032 nocitura
2760 1968 2916 2052 [non

1439 2065 1725 2151 desunt].

625 2177 746 2237 375
793 2170 930 2236 Ubi
973 2169 1217 2235 usitata
1258 2169 1547 2234 remedia
1589 2189 1720 2233 non
1762 2168 2148 2255 procedunt,
2195 2176 2378 2233 tenta
2422 2159 2765 2235 contraria.

794 2270 985 2337 Velle
1029 2271 1272 2337 bonum
1316 2270 1458 2335 fieri
1501 2291 1740 2354 magna
1782 2292 1933 2357 pars
1982 2280 2081 2336 est
2124 2270 2461 2336 bonitatis.

794 2373 1011 2439 Velox
1053 2371 1399 2441 consilium
1443 2371 1736 2459 sequitur
1779 2372 2199 2460 paenitentia.

797 2475 925 2541 Vel
969 2472 1365 2560 strangulari
1408 2473 1680 2561 pulchro
1728 2473 1810 2537 de
1855 2472 2034 2560 ligno
2078 2474 2282 2540 iuvat.

798 2578 1011 2643 Venia
1055 2584 1154 2643 est
1196 2597 1444 2663 poenae
1487 2574 1753 2641 debitae
1797 2575 2114 2643 remissio.

632 2688 756 2748 380
798 2679 951 2745 Vile
993 2677 1090 2744 nil
1133 2677 1322 2743 decet
1364 2698 1596 2743 sonare
1638 2678 1711 2742 in
1751 2677 2184 2744 maximorum
2231 2677 2557 2746 laudibus,

798 2782 961 2847 Veri
1005 2779 1163 2847 boni
1208 2787 1307 2844 est
1354 2779 1515 2867 pati,
1562 2801 1695 2844 non
1738 2779 1954 2844 facere
1996 2780 2326 2845 iniuriam.

800 2883 1054 2967 VirtuS,
1103 2903 1298 2969 quam
1339 2882 1696 2946 necessitas
1743 2882 2012 2964 excutit,
2059 2884 2372 2947 acerrima
2417 2893 2535 2949 est.

800 2985 1064 3050 Virtute
1107 2982 1398 3049 abundat
1442 2982 1670 3069 multa,
1718 2984 1829 3070 qui
1873 2980 2151 3049 alienam
2194 2994 2388 3051 amat.

805 3087 921 3151 Vis
967 3095 1159 3151 notus
1205 3085 1502 3176 omnibus
1550 3083 1746 3151 esse?
1790 3083 2041 3150 nullum
2083 3087 2368 3152 noveris.

636 3194 757 3254 385
802 3187 1058 3253 Vitium
1110 3188 1259 3270 fuit,
1304 3208 1478 3253 nunc
1522 3209 1662 3254 mos
1709 3196 1805 3252 est
1846 3186 2239 3254 adsentatio.

639 3501 766 3559 363
814 3500 897 3558 Gr
927 3498 984 3556 2.
1018 3499 1167 3558 Caec.
1199 3499 1343 3557 Balb.
1375 3498 1519 3557 Mon.
1558 3499 1658 3573 15,
1692 3501 1753 3574 8,
1784 3509 1879 3576 pg.
1915 3499 1992 3559 25
2228 3500 2352 3561 364
2399 3501 2480 3559 Gr
2510 3501 2564 3560 2.
2598 3503 2750 3561 Caec.
2784 3503 2928 3562 Balb.

636 3587 797 3647 Mon.
834 3584 904 3658 4,
939 3585 1008 3659 2,
1049 3604 1142 3661 pg.
1176 3585 1253 3642 21
1469 3584 1590 3644 365
1638 3586 1710 3644 E.
1743 3585 1820 3642 Cf.
1855 3602 2015 3661 supra
2043 3604 2138 3662 pg.
2185 3586 2327 3661 109,
2362 3587 2481 3645 116
2691 3589 2813 3647 366
2859 3591 2932 3653 F.

636 3672 767 3728 Seu.
801 3672 960 3746 epist.
995 3669 1067 3744 5,
1098 3670 1137 3727 4
1339 3669 1460 3729 367
1506 3670 1606 3728 Ps.
1639 3670 1789 3728 Caec.
1822 3670 1961 3728 Balb.
1993 3671 2112 3728 Par.
2147 3670 2250 3744 44,
2279 3691 2372 3748 pg.
2406 3672 2509 3745 41,
2540 3675 2610 3730 de
2638 3677 2776 3748 qula
2809 3675 2930 3732 cod.

637 3757 804 3812 PariS.
837 3754 1001 3814 8027
1225 3755 1346 3813 368
1395 3756 1493 3813 Gr.
1529 3771 1594 3822 ex
1624 3755 1792 3814 Palat.
1828 3750 1973 3833 tuta]
2007 3760 2195 3831 turpis
2225 3757 2352 3814 Seu.
2386 3759 2545 3832 epist.
2582 3757 2640 3830 1,
2677 3759 2708 3815 1

636 3840 758 3898 369
808 3840 906 3897 Gr.
939 3838 1012 3895 De
1043 3856 1179 3897 mor.
1214 3839 1291 3897 65
1322 3840 1447 3897 coll.
1482 3840 1603 3897 Seu.
1636 3843 1794 3915 epist.
1831 3840 1972 3912 105,
2006 3841 2042 3898 8
2260 3842 2384 3902 370
2428 3843 2495 3898 F.
2529 3842 2607 3899 Cf.
2642 3859 2805 3919 supra
2835 3863 2931 3919 pg.

643 3925 784 3997 110,
821 3923 939 3981 117
1072 3924 1192 3982 371
1243 3925 1342 3982 Go.
1374 3923 1498 3982 Seu.
1528 3924 1593 3982 de
1626 3925 1783 3983 clem.
1822 3925 1876 3997 1,
1914 3924 2012 3999 12,
2047 3926 2079 3982 1
2216 3926 2336 3984 372
2388 3928 2484 3986 Go.
2518 3926 2643 3984 Seu.
2677 3928 2744 3984 de
2773 3929 2931 3987 clem.

645 4011 711 4083 1,
745 4008 814 4081 2,
848 4009 884 4065 2
1098 4008 1219 4066 373
1269 4010 1365 4066 Gr.
1400 4025 1464 4065 ex
1494 4008 1616 4066 cod.
1647 4009 1813 4068 Palat.
1846 4009 2070 4067 Sen.‘de
2104 4011 2180 4067 ira
2214 4011 2273 4084 2,
2307 4011 2408 4084 31,
2442 4010 2479 4069 5
2687 4012 2808 4070 374
2856 4016 2932 4074 R.

640 4094 764 4152 Seu.
797 4095 864 4150 de
893 4095 971 4149 ira
1003 4092 1062 4167 2,
1096 4093 1198 4166 31,
1230 4094 1291 4166 5,
1323 4110 1387 4150 ex
1419 4110 1529 4168 quo
1561 4093 1790 4151 alterum
1821 4096 1919 4152 tibi
1946 4094 2052 4153 del.
2212 4095 2334 4153 375
2379 4098 2487 4154 Ρη.
2522 4095 2645 4153 Sen.
2682 4097 2747 4153 de
2776 4098 2935 4156 clem.

646 4181 676 4236 1
699 4224 716 4253 ,
750 4179 821 4252 9,
856 4178 890 4236 6
1108 4178 1229 4243 376
1277 4179 1340 4249 Q.
1373 4177 1501 4235 Sen.
1545 4180 1703 4253 epist.
1738 4178 1864 4250 34,
1898 4180 1934 4237 3
2162 4181 2284 4239 377
2330 4183 2427 4240 Ps.
2462 4181 2609 4238 Caec.
2641 4180 2785 4239 Balb.
2816 4183 2937 4240 Par.

642 4263 744 4336 55,
775 4279 868 4339 pg.
901 4261 980 4319 41
1207 4263 1328 4322 378
1375 4263 1482 4321 Bo.
1517 4264 1792 4348 Aristoph.
1825 4263 1956 4320 Ran.
1986 4282 2035 4321 v.
2071 4265 2192 4324 736
2408 4266 2529 4324 379
2579 4265 2680 4325 Go.
2711 4266 2838 4325 Sen.
2870 4268 2939 4326 de

641 4349 797 4405 clem.
829 4347 889 4420 2,
924 4348 981 4421 7,
1014 4348 1051 4406 3
1198 4348 1323 4409 380
1365 4349 1434 4405 F.
1593 4348 1713 4406 381
1763 4350 1828 4405 F.
1863 4348 1957 4405 Est
1987 4367 2129 4407 νει-ε.
2163 4350 2354 4430 Publil.
2390 4350 2503 4409 651
2657 4351 2780 4411 382
2827 4354 2937 4412 Pn.

644 4432 767 4489 Sen.
801 4432 868 4489 de
898 4431 1051 4490 clem.
1090 4434 1156 4507 1,
1195 4433 1305 4505 12,
1332 4432 1375 4514 5
1409 4435 1679 4493 extundit
1902 4434 2023 4493 383
2070 4436 2138 4492 F.
2170 4435 2248 4491 Cf.
2281 4452 2374 4510 pg.
2411 4435 2550 4508 107,
2589 4436 2712 4496 110

647 4515 768 4575 384
813 4517 883 4579 F.
916 4516 993 4574 Cf.
1024 4536 1119 4594 pg.
1154 4518 1297 4592 111,
1332 4518 1448 4576 131
1505 4547 1511 4552 ·
1654 4517 1777 4577 385
1826 4518 1895 4575 F.
1929 4518 2005 4575 cf.
2038 4537 2132 4596 pg.
2173 4520 2315 4595 111,
2349 4519 2470 4579 135
