3209 5184
1120 473 1664 521 PROLEGOMENA.
2454 462 2533 524 21

420 627 564 692 Hos
625 626 881 692 codices
939 628 998 690 si
1052 628 1225 691 inter
1278 648 1350 692 se
1406 649 1779 714 comparare
1836 626 2033 710 veliS,
2091 627 2339 715 duplex
2394 651 2538 694 esse

240 742 468 819 potest
508 728 916 817 ponderandi
958 729 1146 811 ratio,
1191 730 1663 794 sententiarum
1708 729 1852 795 sive
1888 732 2141 817 copiam
2184 732 2327 795 sive
2370 731 2534 794 inte-

242 834 559 918 gritatem
604 831 1024 917 spectaveriS.

419 934 524 998 Ac
566 932 860 1019 plerique
904 930 1190 1018 quidem,
1238 954 1399 1018 quos
1445 934 1589 1019 ipse
1622 932 1767 996 vidi
1798 932 1980 1016 (sunt
2008 942 2227 998 autem
2254 932 2535 1021 amplius

242 1036 553 1120 viginti),
609 1036 770 1098 item
824 1032 1058 1119 quibus
1115 1032 1398 1098 editores
1451 1035 1555 1098 usi
1613 1043 1764 1099 sunt
1818 1043 2073 1099 tantum
2116 1057 2246 1099 non
2289 1057 2534 1118 omnes,

238 1136 662 1224 paucissimis
703 1136 1001 1221 exceptis
1047 1134 1307 1199 easdem
1352 1134 1491 1198 fere
1534 1136 1870 1200 continent
1908 1136 2264 1201 sententias
2297 1158 2537 1223 easque

238 1260 405 1302 vere
452 1235 854 1302 Publilianas
870 1284 887 1317 ‚
946 1256 1112 1322 quae
1156 1237 1480 1323 incipiunt
1523 1258 1563 1300 a
1605 1236 1843 1302 litteris
1888 1236 2132 1302 A-M
2164 1238 2251 1301 ad
2295 1237 2534 1302 dueen-

236 1351 347 1405 tas
392 1338 886 1426 quinquaginta,
935 1346 1198 1403 nostrae
1243 1338 1550 1403 editionis
1598 1362 1662 1403 v.
1709 1361 1775 1403 v.
1826 1339 2033 1404 1—34
2078 1338 2236 1423 (A),
2281 1340 2535 1405 44—78

154 1496 163 1507 s
239 1440 395 1526 (Β),
427 1439 724 1505 85—105
755 1438 887 1524 (G),
930 1438 1255 1503 123—138
1289 1437 1438 1525 (D),
1474 1440 1808 1505 147—162
1841 1440 1986 1527 (E),
2025 1441 2359 1505 166—192
2388 1441 2535 1526 (F),

244 1542 588 1606 194-—202
631 1539 785 1623 (G),
829 1539 1168 1604 203—223
1213 1537 1384 1626 (H),
1429 1541 1771 1606 230-263
1819 1541 1961 1626 (J),
2006 1541 2341 1605 291-—301
2391 1541 2533 1625 (L),

237 1642 589 1709 309—340
640 1641 814 1726 (M),
872 1639 1129 1705 litterae
1178 1640 1256 1705 N
1305 1640 1561 1723 decem,
1617 1643 1698 1706 37
1706 1643 1990 1725 7-386,
2054 1663 2328 1729 quarum
2382 1641 2532 1707 ulti-

239 1767 351 1809 ma
382 1753 481 1809 est

665 1860 744 1925 Ν
736 1863 964 1944 eyandi
1007 1881 1203 1926 causa
1246 1882 1443 1926 avaro
1485 1882 1838 1945 numquam
1882 1863 2117 1947 deficit:

237 2032 487 2098 deinde
528 2031 615 2095 ad
661 2029 1019 2118 explendas
1064 2030 1315 2095 litteras
1360 2030 1593 2096 N—V
1628 2032 1886 2096 circiter
1928 2040 2189 2096 centum
2218 2033 2531 2118 quinqua-

235 2139 433 2221 ginta
476 2134 834 2198 sententias
879 2154 964 2196 ex
1006 2131 1539 2198 Pseudosenecae
1572 2131 1741 2201 libro
1774 2133 1857 2198 de
1886 2133 2199 2216 moribus,
2243 2134 2534 2220 pleniore

237 2238 425 2320 οΙίω,
470 2258 665 2322 quam
704 2256 880 2300 nunc
922 2233 1394 2317 circumfertur,
1441 2234 1722 2299 fortasse
1766 2237 1962 2300 etiam
2004 2233 2270 2298 aliunde
2315 2255 2568 2297 excer-su

237 2350 417 2427 ptas.
503 2338 695 2401 Patet
738 2336 942 2422 igitur
984 2335 1242 2402 saeculo
1286 2336 1425 2401 fere
1469 2338 1744 2423 septimo
1790 2334 1901 2400 vel
1941 2346 2172 2402 octavo
2216 2337 2530 2423 posterio-

20 2510 21 2515 ,
236 2463 379 2506 rem
426 2448 678 2527 partem
722 2438 1193 2502 sententiarum
1220 2436 1739 2502 Publilianarum
1782 2437 2216 2520 intercidisse,
2261 2459 2418 2502 mox
2445 2438 2531 2501 ad
2641 2420 2650 2431 ¹

20 2530 23 2601 ¹!
238 2539 735 2608 resarciendum
789 2538 1096 2604 damnum
1150 2538 1412 2605 additas
1468 2561 1613 2605 esse
1669 2540 1864 2625 alias,
1923 2539 2198 2606 morales
2254 2540 2411 2603 item
2468 2548 2531 2603 et

239 2645 518 2724 breves,
575 2640 692 2705 sed
745 2664 786 2705 a
831 2640 1113 2706 Publilio
1168 2639 1437 2706 alienas.
1525 2641 1595 2706 Is
1652 2640 1945 2724 libellus,
2009 2662 2200 2729 quem
2254 2661 2531 2728 superne

240 2744 581 2811 mulierem
626 2742 973 2823 formosam
1016 2743 1295 2828 turpiter
1336 2752 1550 2808 atrum
1593 2744 1665 2808 in
1708 2745 1952 2832 piscem
1983 2742 2390 2808 desinentem
2417 2765 2528 2805 no-

241 2848 492 2928 mines,
548 2843 934 2909 incredibile
988 2853 1089 2908 est
1142 2844 1352 2927 dictu,
1410 2847 1710 2933 quotiens
1766 2844 2133 2932 descriptus
2185 2846 2291 2909 sit.
2381 2842 2530 2924 Quo

240 2969 462 3036 panno
522 2953 743 3011 assuto
797 2945 1045 3010 factum
1090 2967 1231 3012 esse
1273 2956 1465 3034 put0,
1523 2956 1596 3012 ut
1640 2944 1909 3012 Publilii
1950 2968 2186 3012 nomen
2228 2944 2530 3011 obscura-

242 3060 429 3115 retur
472 3057 537 3112 et
579 3046 664 3111 ad
711 3047 1059 3128 Senecam,
1117 3069 1309 3134 quem
1353 3046 1509 3112 libri
1555 3048 1640 3112 de
1682 3048 1971 3114 moribus
2015 3057 2344 3113 auctorem
2390 3069 2532 3111 esse

242 3150 464 3216 medio
516 3171 680 3214 aevo
734 3148 1198 3235 perhibebant,
1257 3152 1545 3215 omnium
1590 3150 2062 3216 sententiarum
2105 3151 2287 3234 origo
2330 3148 2528 3213 refer-

244 3263 446 3318 retur.
535 3250 711 3332 Quia
764 3260 1013 3332 autem,
1070 3273 1262 3338 quem
1316 3274 1493 3317 nune
1545 3250 1785 3316 librum
1842 3250 1926 3316 de
1967 3252 2256 3317 moribus
2313 3250 2530 3315 dicere

246 3354 727 3436 consuevimus,
772 3354 840 3418 in
884 3352 1219 3418 codicibus
1262 3355 1738 3440 antiquissimis
1778 3352 2137 3419 Proverbia
2179 3352 2529 3438 inscriptus

249 3466 425 3536 erat,
490 3453 760 3518 Publilii
816 3477 1073 3541 quoque
1131 3455 1599 3520 sententiarum
1659 3454 1859 3542 (Gell.
1908 3456 2020 3539 17,
2072 3452 2178 3538 14)
2234 3452 2528 3518 collectio

245 3555 607 3622 Proverbia
650 3555 923 3621 inscribi
965 3565 1193 3644 coepta
1239 3566 1355 3622 est.
1443 3556 1661 3623 Huius
1706 3557 2003 3622 codicum
2045 3556 2304 3641 generis
2353 3553 2525 3619 locu-

244 3658 598 3745 pletissimi
642 3666 841 3721 testes
888 3666 1042 3721 sunt
1069 3657 1352 3722 Parisini
1396 3657 1525 3724 duo
1559 3656 1706 3743 (Poe
1740 3666 1802 3722 et
1848 3657 2000 3742 Pb),
2045 3656 2525 3741 Rheinaugien-

20 3828 21 3835 χ
244 3762 363 3842 sis,
404 3757 809 3825 Basiliensis.

20 3860 23 3941 ’μ
421 3861 560 3924 Iam
615 3860 767 3925 inde
810 3882 850 3923 a
893 3859 1150 3926 saeculo
1205 3860 1551 3926 undecimo
1605 3863 1731 3928 hoc
1785 3863 2250 3927 sententiarum
2294 3883 2529 3949 corpus

20 3962 23 4019 l
243 3962 335 4027 ab
364 3961 511 4027 aliis
541 3962 612 4025 in
639 3961 904 4026 brevius
935 3960 1290 4045 redactum,
1322 3963 1408 4028 ab
1437 3963 1609 4047 aliis,
1635 3965 2020 4050 praesertim
2052 3963 2308 4030 saeculo
2333 3963 2525 4028 XIV.

20 4030 23 4139 Ι
242 4064 597 4129 adauctum
640 4073 758 4127 est.
831 4063 937 4127 De
979 4064 1466 4130 accessionibus
1513 4066 1686 4130 infra
1731 4064 2079 4130 dicendum
2125 4066 2274 4130 erit:
2322 4067 2523 4151 epito-

20 4154 23 4183 ’
242 4188 501 4230 marum
544 4165 842 4252 exempla
885 4165 1201 4253 praebent
1232 4166 1422 4232 codd.
1454 4168 1744 4234 Parisini
1772 4168 1941 4233 6085
1970 4176 2034 4232 et
2069 4168 2250 4231 1919.
2314 4164 2525 4232 Simili

242 4269 551 4355 epitome,
595 4267 789 4354 paulo
832 4277 1051 4333 tamen
1095 4266 1408 4355 pleniore,
1453 4293 1611 4335 usus
1656 4279 1754 4335 est
1799 4270 2183 4334 Vincentius
2228 4266 2526 4332 Bellova-

242 4370 461 4434 censis
513 4368 768 4434 saeculo
824 4369 1024 4433 XIII.
1115 4370 1326 4435 Affert
1384 4372 1556 4436 enim
1614 4372 1682 4437 in
1736 4369 1923 4435 libris
1971 4371 2089 4435 IV.
2137 4379 2200 4434 et
2244 4370 2324 4434 V.
2382 4389 2525 4455 spe·

20 4430 23 4509 l
241 4469 385 4535 culi
426 4470 822 4554 doctrinaliS,
870 4472 1035 4554 sive,
1079 4481 1152 4537 ut
1195 4473 1264 4537 in
1309 4471 1454 4540 aliis
1487 4472 1886 4539 editionibus
1918 4480 2313 4554 numeratur,
2344 4471 2427 4535 V.
2462 4480 2526 4535 et

19 4946 468 5146 t...
