3209 5184
940 443 1257 491 PUBLILII
1304 442 1461 491 st
1508 441 1966 491 senmurum.
2525 430 2606 493 79

409 668 419 676 ,
474 596 722 663 Gravis
765 596 1023 661 animus
1070 594 1337 659 dubiam
1380 617 1510 659 non
1554 594 1755 660 habet
1801 595 2213 660 sententiam.

476 698 768 764 Gravius
813 696 1055 761 malum
1102 718 1290 762 omne
1336 705 1454 779 est,
1504 696 1677 783 quod
1723 697 1845 762 sub
1888 707 2161 786 aspectu
2202 697 2381 767 latet.

480 800 775 866 Gravius
818 808 1031 881 nocet,
1087 797 1538 884 quodcumque
1582 799 1996 885 inexpertum
2038 799 2299 865 accidit.

295 911 430 968 200
478 900 799 988 (Gravior
842 908 945 965 est
989 900 1316 978 inimicus,
1362 899 1475 985 qui
1518 897 1680 964 latet
1722 901 1792 964 in
1835 903 2150 987 pectore.)

378 999 393 1003 ’
475 1002 964 1068 Gravissimum
1010 1009 1111 1064 est
1154 1001 1502 1087 imperium
1546 1001 2064 1067 consuetudinis.

474 1106 698 1171 Grave
744 1105 1013 1184 crimen,
1062 1103 1259 1166 etiam
1304 1100 1539 1167 leviter
1582 1124 1732 1166 cum
1778 1112 1878 1167 est
1922 1103 2191 1187 dictum,
2235 1115 2445 1171 nocet.

472 1205 628 1270 Heu
672 1228 867 1292 quam
911 1202 1207 1269 difficilis
1250 1202 1500 1290 gloriae
1542 1205 1842 1269 custodia
1887 1206 2021 1269 est!

472 1307 691 1372 Homo
736 1317 925 1371 extra
969 1328 1205 1393 corpus
1252 1314 1350 1370 est
1395 1327 1604 1388 suum,
1652 1328 1799 1370 cum
1843 1307 2170 1371 irascitur.

291 1416 423 1476 205
473 1408 630 1474 Heu
673 1431 867 1494 quam
912 1417 1010 1472 est
1053 1406 1403 1489 timendus,
1450 1408 1563 1494 qui
1604 1408 1772 1472 mori
1815 1417 2028 1472 tutum
2069 1410 2293 1496 putat!

457 1509 719 1592 Homo,
778 1511 891 1596 qui
935 1511 1004 1573 in
1046 1509 1307 1573 homine
1353 1506 1734 1574 calamitoso
1780 1518 1880 1574 est
1921 1511 2324 1593 misericors,
2370 1512 2596 1575 memi-

1516 1612 1616 1674 nit
1659 1610 1781 1675 sui.

472 1712 771 1777 Honesta
810 1707 1151 1800 turpitudo
1197 1721 1295 1776 est
1337 1734 1456 1798 pro
1502 1732 1699 1775 causa
1741 1711 1934 1777 bona.

474 1814 699 1879 Habet
744 1815 813 1878 in
855 1813 1154 1880 adversis
1197 1813 1469 1896 auxilia,
1516 1815 1629 1899 qui
1673 1816 1745 1877 in
1788 1813 2094 1879 secundis
2141 1815 2527 1880 commodat.

471 1915 625 1981 Heu
669 1937 862 2001 quam
904 1917 1218 1980 miserum
1263 1925 1362 1979 est
1406 1916 1492 1980 ab
1539 1938 1614 1980 eo
1659 1914 1863 1998 laedi,
1910 1914 1995 1979 de
2041 1938 2166 2002 quo
2211 1939 2343 1983 non
2387 1920 2595 2003 possis

1519 2018 1735 2104 queri!

289 2245 569 2290 comens
611 2248 661 2283 v.
699 2229 1058 2287 194—223:
1104 2230 1327 2287 PRBF
1353 2227 1547 2302 (TEC)

289 2346 330 2424 p
362 2356 502 2406 ante
537 2349 693 2423 facti
729 2366 961 2407 erasum
1008 2355 1123 2419 est,
1175 2356 1303 2423 post
1348 2348 1547 2404 sactum
1581 2348 1765 2405 Bern.
1809 2355 1871 2404 ul
1913 2353 2084 2404 eliam
2120 2349 2170 2404 T
2205 2350 2383 2424 gravis
2421 2365 2595 2423 poena

290 2443 383 2490 est
422 2435 745 2508 poenitenti.
808 2434 961 2490 cuius
1002 2441 1130 2507 post
1182 2433 1381 2491 factum
1433 2434 1743 2489 cruciantur
1787 2434 1978 2502 animi3
2039 2449 2198 2506 quem
2240 2441 2427 2508 potest
2469 2433 2593 2490 sacti

291 2520 544 2593 penitere
576 2519 634 2575 C.
686 2520 845 2575 Vino.
881 2518 1032 2574 Bell.
1064 2534 1151 2589 sp.
1183 2520 1238 2573 d.
1273 2519 1345 2589 5,
1379 2516 1457 2573 22
1492 2517 1552 2572 G.
1590 2534 1637 2572 a.
1673 2535 1726 2591 p.
1760 2524 1845 2574 est
1884 2519 2298 2592 proximumque
2332 2517 2396 2575 ad
2437 2519 2592 2575 inuo-

290 2604 527 2660 centiam
569 2603 749 2659 locum
779 2610 931 2659 tenet
965 2602 1264 2658 verecunda
1293 2603 1499 2677 peccati
1531 2602 1838 2673 consessio,
1884 2606 2336 2676 conylutinalum
2366 2619 2446 2660 ex
2473 2604 2589 2660 Pu·

292 2690 444 2744 blilii
481 2704 653 2744 versu
694 2696 750 2744 et
777 2689 1129 2745 Pseudosen.
1175 2690 1246 2744 de
1287 2701 1428 2745 mor.
1476 2685 1556 2743 94
1735 2687 1851 2744 197
1916 2688 2074 2744 Vino.
2124 2689 2270 2744 Bell.
2313 2704 2399 2761 sp.
2443 2690 2498 2745 d.
2530 2687 2592 2761 4,

294 2772 403 2829 86.
441 2772 488 2829 0
603 2772 719 2830 198
768 2773 857 2845 Cf.
888 2791 939 2828 v.
967 2771 1106 2829 200.
1141 2771 1335 2827 malum
1368 2788 1418 2828 o.
1451 2780 1534 2827 est
1564 2774 1691 2829 cod.
1722 2773 2063 2829 Palatinus.-
2108 2780 2193 2828 est
2222 2790 2293 2828 m.
2327 2790 2379 2829 o.
2408 2773 2590 2842 PRB,

290 2866 382 2913 est
414 2873 469 2912 o.
502 2874 574 2912 m.
611 2855 680 2928 0,
725 2874 795 2912 m.
841 2864 926 2913 est
957 2874 1010 2912 o.
1043 2858 1100 2912 F
1266 2873 1426 2932 grave
1469 2863 1553 2912 est
1593 2873 1666 2912 m.
1713 2873 1765 2913 o.
1800 2858 2112 2926 Erasmus,
2157 2859 2318 2914 haud
2352 2861 2471 2914 seio
2514 2876 2592 2914 an

291 2946 509 3013 verine,
544 2944 673 2999 coll.
708 2961 759 2998 v.
794 2942 920 2999 200
1078 2941 1196 2998 199
1245 2940 1350 2997 EC
1486 2942 1645 2998 citius
1676 2950 1841 2998 nocet
1870 2941 2126 3016 quicquid
2155 2943 2191 2997 i.
2225 2948 2386 2997 nocet
2434 2942 2588 2999 Vino.

294 3027 450 3082 Bell.
484 3043 577 3098 sp.
607 3029 662 3083 d.
695 3025 769 3092 4.,
800 3027 881 3083 82
1070 3026 1193 3084 200
1244 3025 1334 3099 Cf.
1368 3045 1417 3082 v.
1456 3026 1574 3084 198
1750 3025 1972 3083 Gravior
2001 3026 2245 3082 BFCPa
2278 3042 2433 3083 corr.
2466 3042 2587 3083 rec.

290 3131 367 3167 m.
406 3112 622 3184 gravius
660 3112 777 3181 PR,
813 3112 1032 3185 gravius
1064 3111 1199 3181 PR,
1235 3112 1412 3185 gravis
1443 3118 1526 3166 est
1557 3111 1844 3184 scrupulus
1876 3111 2188 3167 delitiscens
2217 3112 2421 3167 invisus
2450 3112 2506 3166 in
2535 3129 2590 3185 p.

297 3198 352 3251 T
516 3190 795 3272 inimicus]
830 3197 884 3251 in
917 3195 1001 3251 his
1031 3196 1149 3265 Pb3
1197 3199 1370 3252 voluit
1408 3196 1671 3268 fortasse
1709 3196 1958 3252 inimicus
1987 3198 2034 3251 is
2066 3197 2189 3269 qui,
2234 3203 2297 3251 ut
2327 3203 2413 3252 est
2443 3199 2502 3252 in
2535 3197 2592 3253 B

291 3280 396 3336 suh
422 3289 649 3354 pectore
680 3283 982 3351 Erasmus,
1018 3284 1222 3338 omisso
1254 3287 1369 3352 est3
1417 3283 1592 3336 aliter
1621 3281 1794 3337 Prov.
1831 3280 1911 3337 23
2060 3280 2178 3338 201
2245 3282 2405 3337 Vino.
2439 3281 2589 3338 Bell.

291 3382 384 3437 sp.
414 3368 470 3423 d.
505 3364 567 3438 5,
597 3364 700 3435 43,
737 3365 784 3420 C
933 3365 1354 3421 conscietudiuis
1387 3365 1443 3420 B
1455 3390 1470 3419 .·
1516 3368 1764 3422 voluitne
1793 3366 2192 3422 conscientiae?
2365 3364 2486 3423 202
2534 3365 2587 3420 d.

291 3458 376 3505 est
408 3451 713 3507 Bentleius
868 3449 991 3508 203
1036 3448 1253 3506 difficile
1286 3450 1346 3519 G,
1378 3448 1613 3506 difficilis
1643 3457 1729 3507 est
1758 3469 1824 3525 g.
1849 3468 1895 3510 c.
1943 3449 2103 3507 Vino.
2139 3450 2288 3507 Bell.
2322 3466 2410 3522 sp.
2443 3452 2497 3506 d.
2530 3450 2590 3520 5,

294 3536 371 3591 67
552 3533 673 3593 204
719 3543 804 3591 est
843 3551 1001 3591 suum
1033 3535 1229 3591 PRE:
1268 3551 1426 3590 suum
1460 3541 1543 3590 est
1575 3534 1733 3590 BFC
1778 3536 1936 3592 Vino.
1971 3536 2118 3591 Bell.
2152 3551 2243 3606 sp.
2272 3537 2326 3591 d.
2360 3533 2433 3606 4,
2468 3535 2589 3592 133

539 3620 809 3675 hominem
869 3627 1019 3675 extra
1062 3637 1110 3676 c.
1156 3620 1281 3676 facit
1323 3619 1514 3675 fenalis
1577 3618 1841 3691 (sut-ielis?
1913 3637 1989 3675 an
2033 3619 2235 3675 venalis
2275 3644 2361 3666 =
2404 3619 2591 3693 vilis?)

293 3705 535 3761 incensio
575 3706 624 3759 Τ
831 3703 955 3762 205
1004 3704 1093 3776 Cf.
1125 3723 1175 3761 v.
1210 3703 1333 3762 364
1538 3704 1753 3760 timidus
1786 3704 1883 3760 FC
2079 3720 2315 3760 amorem
2348 3712 2501 3761 tuum
2534 3707 2589 3762 B

292 3808 388 3861 pr.
433 3808 506 3845 m.
554 3790 880 3845 moriturum
911 3789 949 3843 C
1153 3789 1273 3848 207
1322 3790 1390 3860 C,
1455 3790 1615 3845 Vinc.
1651 3790 1800 3845 Bell.
1834 3806 1920 3862 sp.
1954 3792 2010 3846 d.
2041 3787 2112 3860 4,
2143 3788 2222 3847 82
2408 3785 2444 3823 ‘¹‘
2476 3798 2588 3847 est:

293 3882 376 3930 est
406 3875 547 3930 mori
579 3873 673 3930 1ᾆο
716 3876 873 3931 Vino.
1049 3891 1210 3931 causa
1250 3873 1391 3930 bona
1437 3873 1671 3930 PRBC':
1713 3873 1764 3930 b.
1807 3892 1853 3930 c.
1888 3875 1971 3939 F,·
2012 3874 2110 3929 Est
2148 3875 2202 3930 h.
2238 3883 2278 3930 t.
2327 3891 2428 3949 pro
2458 3874 2509 3931 b.
2540 3892 2589 3931 c.

291 3960 430 4015 mori
461 3961 763 4016 Erasmus.
814 3959 902 4031 Cf.
939 3978 989 4016 v.
1024 3960 1102 4016 76
1275 3958 1397 4017 208
1444 3958 1684 4014 adversis
1714 3958 1906 4015 auxilia
1935 3958 2207 4017 PRBEC'
2249 3960 2405 4016 Vino.
2435 3961 2584 4016 Bell.

294 4061 382 4116 sp.
415 4046 471 4100 d.
505 4043 567 4117 4,
601 4044 709 4101 67:
755 4044 963 4100 adversi
994 4044 1219 4101 consilia
1250 4045 1307 4100 F
1473 4043 1813 4100 commendat
1843 4045 1918 4121 R,
1953 4051 2016 4100 ut
2044 4043 2211 4116 infra
2244 4063 2293 4101 v.
2330 4043 2454 4102 220

294 4129 415 4186 209
463 4131 701 4187 Excidit
741 4133 798 4185 in
830 4131 914 4200 F,
958 4129 1038 4201 cf.
1074 4133 1153 4185 ad
1180 4148 1230 4187 v.
1267 4128 1388 4185 213
1458 4171 1470 4180 .
1561 4129 1627 4184 ab
1669 4128 1762 4185 illo
1798 4127 1868 4200 C,
1911 4128 1975 4184 ab
2015 4128 2196 4201 aliquo
2246 4129 2402 4185 Vinc.
2436 4129 2586 4185 Bell.

290 4230 378 4285 sp.
413 4216 468 4270 d.
497 4214 570 4282 4,
612 4214 765 4285 138,
820 4213 957 4270 laedi
1003 4214 1068 4269 ab
1110 4231 1176 4271 eo
1210 4214 1266 4269 B
1438 4230 1547 4269 non
1600 4215 1780 4287 possis
1823 4215 1978 4287 queri
2015 4212 2103 4267 B.-
2154 4229 2263 4268 non
2306 4214 2590 4287 conpossit

299 4300 483 4372 quaeri
526 4300 705 4370 PaR,
762 4315 873 4354 non
916 4301 1202 4373 conpossit
1243 4300 1398 4373 queri
1439 4299 1555 4370 Pb,
1609 4301 1890 4372 conpossit
1931 4299 2117 4371 quaeri
2156 4298 2210 4353 R
2252 4314 2368 4353 sec.
2413 4316 2486 4354 m.
2527 4302 2587 4354 in

293 4403 479 4459 mar-9.
516 4402 629 4441 non
670 4384 846 4459 possit
889 4385 1043 4457 queri
1092 4385 1246 4441 Vino.
1281 4391 1336 4442 el
1367 4386 1423 4442 B
1453 4402 1568 4442 see.
1604 4402 1675 4441 m.
1708 4388 1762 4440 si
1799 4390 1957 4440 recte
1984 4385 2128 4457 leyi,
2169 4398 2405 4456 nequeas
2436 4384 2589 4456 queri

293 4468 354 4543 0,
387 4475 497 4527 n'on
530 4470 676 4526 ausis
708 4469 862 4543 queri
894 4471 1111 4527 Gruter
