3209 5184
943 441 1253 492 PUBLILII
1300 441 1456 491 st
1503 439 1961 492 SENTENTIAE.
2479 424 2599 489 113
2713 455 2716 458 ·

488 598 768 662 Virtutis
815 595 1027 683 spolia
1070 619 1218 661 oum
1261 595 1465 679 videt,
1511 596 1757 681 gaudet
1798 594 1999 660 labor.

488 700 768 766 Virtutis
815 697 1036 763 vultus
1082 707 1334 786 partem
1376 698 1575 763 habet
1620 699 1957 764 victoriae.

488 800 748 865 Virtute
793 800 968 887 quod.
1011 822 1143 865 non
1186 801 1423 889 possis,
1468 797 1789 864 blanditia
1831 799 2112 864 auferas.

486 901 847 990 Utrumque
893 925 1112 967 casum
1157 904 1450 989 aspicere
1495 901 1712 986 debet,
1760 902 1871 988 qui
1915 903 2212 987 imperat.
2335 935 2344 942 ν

323 1009 446 1068 650
489 1002 809 1091 Voluptas
853 1006 1055 1069 tacita
1096 1013 1310 1069 metus
1358 1012 1456 1069 est
1498 1025 1689 1089 mage
1735 1025 1927 1090 quam
1971 1001 2301 1088 gaudium.

486 1105 633 1169 Viri
676 1104 831 1171 boni
878 1116 985 1172 est
1027 1109 1279 1171 nescire
1322 1106 1632 1171 iniuriam
1675 1107 1835 1193 pati.
2143 1125 2150 1130 ·
2199 1105 2202 1108 ’

489 1206 693 1272 Vultu
736 1231 821 1274 an
865 1218 1102 1274 natura
1145 1209 1405 1296 sapiens
1450 1209 1563 1291 sis,
1609 1206 1886 1289 multum
1929 1207 2220 1271 interest.

488 1308 736 1375 Virtuti
778 1332 1065 1376 amorem
1108 1305 1297 1374 nemo
1342 1309 1616 1374 honeste
1661 1309 1960 1396 denegat.

309 1429 448 1469 Prov-
494 1411 717 1477 Zelum
759 1413 834 1478 de
877 1414 986 1478 deo
1031 1417 1280 1477 tantum
1322 1412 1572 1491 habente,
1620 1433 1749 1477 non
1792 1416 2011 1478 eontra
2054 1412 2347 1476 homines.

311 1518 438 1576 149
483 1511 703 1579 Zelari
747 1520 957 1581 autem
996 1515 1355 1580 hominibus
1396 1515 1691 1580 vitiosum
1734 1519 1837 1580 est.

315 1755 591 1800 comens
621 1759 671 1797 v.
706 1740 1070 1800 629—653:
1117 1743 1174 1798 F
1198 1739 1358 1814 (Τπ),
1402 1729 1653 1798 Proverb.
1688 1743 1856 1800 PRE

314 1877 406 1949 cf.
436 1894 485 1932 v.
522 1875 663 1934 238.
698 1876 819 1934 592
1012 1877 1294 1934 inferendo
1326 1894 1370 1933 π
1561 1879 1752 1934 invites
1784 1878 1865 1933 F:
1893 1879 2084 1934 invitas
2115 1894 2159 1933 π
2186 1880 2424 1951 Inyolst.

316 1961 445 2019 647
497 1960 583 2033 Cf.
613 1981 663 2019 v.
698 1961 821 2019 492
965 1962 1160 2017 vulnus
1189 1963 1428 2037 Inyolst.
1593 1962 1714 2020 648
1761 1980 1872 2019 non
1903 1981 2007 2019 om.
2039 1979 2086 2018 π
2167 1966 2172 1970 ’
2233 1963 2352 2020 649
2398 1971 2604 2018 utrum-

315 2063 429 2120 que
458 2041 670 2127 casum]
715 2051 751 2103 i.
786 2064 833 2103 e.
877 2050 1174 2104 victoriam
1215 2056 1270 2104 et
1306 2048 1539 2123 swam,
1594 2051 1683 2104 vel
1713 2064 2011 2120 prospera
2055 2055 2109 2105 et
2136 2035 2400 2105 'adversa

317 2131 447 2189 650
495 2147 647 2205 mage
680 2132 924 2189 Gruter.-
963 2133 1136 2205 magis
1166 2132 1222 2186 F
1230 2156 1249 2195 ‚-
1291 2149 1361 2187 m.
1394 2133 1564 2207 magis
1599 2149 1756 2206 quam
1792 2132 2043 2205 gaudium
2076 2141 2159 2189 est
2190 2133 2408 2205 Bothe,
2452 2148 2607 2206 mage

317 2233 393 2271 m.
429 2233 479 2289 q.
514 2233 569 2290 g.
604 2224 688 2272 est
721 2216 938 2273 Gruter
1150 2215 1266 2274 651
1317 2211 1352 2250 '¹‘
1383 2218 1627 2273 iniuriam
1658 2218 1766 2291 pati
1797 2220 1924 2273 coll.
1957 2236 2007 2274 v.
2041 2219 2152 2274 99:
2182 2219 2277 2273 ini,
2310 2217 2485 2273 facere
2515 2218 2610 2273 Fu

315 2303 475 2357 unde
519 2302 685 2374 vulyo
735 2300 912 2357 facere
955 2301 1219 2357 iniuriam.
1306 2308 1379 2358 At
1420 2305 1564 2358 idem
1607 2304 1795 2358 codex
1838 2319 1882 2355 π
1912 2306 2097 2374 paulo
2136 2319 2321 2373 supra
2366 2304 2606 2359 eandem

315 2389 661 2442 sententiam
702 2390 788 2442 sic
830 2387 1093 2442 exhibet.-
1146 2386 1203 2442 V.
1236 2385 1285 2442 b.
1321 2393 1405 2442 est
1445 2388 1654 2442 nescire
1695 2387 1805 2459 pati
1848 2386 1931 2441 vel
1973 2387 2151 2443 facere
2190 2389 2438 2443 iniuriam
2480 2404 2610 2444 cum

317 2469 492 2526 Caec.
524 2469 715 2527 Balbo
745 2468 981 2527 Monac·
1013 2469 1115 2541 22,
1146 2469 1185 2525 4
1218 2469 1306 2542 (p.
1340 2470 1463 2543 27),
1502 2471 1697 2527 Paris·
1732 2470 1809 2526 12
1845 2466 1931 2546 (p.
1967 2470 2101 2544 38);
2147 2474 2355 2528 nescire
2384 2471 2469 2528 vel
2498 2472 2609 2546 pati
2698 2486 2702 2489 ’
2764 2533 2770 2540 ,

315 2553 408 2609 vel
448 2552 625 2611 faeere
664 2557 910 2611 iniuriam
968 2556 1124 2614 Vino.
1166 2555 1315 2612 Bell.
1360 2572 1445 2628 sp.
1488 2557 1618 2612 hist.
1652 2555 1720 2627 3,
1753 2554 1864 2628 82,
1907 2572 1997 2627 sp.
2039 2558 2093 2613 d.
2125 2555 2196 2630 4,
2227 2556 2340 2628 83,
2386 2558 2610 2614 Walter

316 2638 495 2697 Burl.
521 2655 567 2695 s.
595 2658 645 2696 v.
672 2641 908 2697 Aristot.
940 2648 1002 2696 ut
1031 2642 1101 2697 de
1129 2644 1467 2715 ylossemate
1498 2645 1598 2698 vix
1627 2642 1884 2697 dubitari
1901 2644 2106 2712 possit.
2228 2641 2348 2699 652
2394 2643 2608 2716 sapiens

315 2724 397 2779 sis
429 2723 643 2781 Bothe.-
674 2726 751 2781 sis
780 2741 897 2799 sap.
931 2725 988 2780 F
1124 2727 1398 2783 Proverb.
1437 2725 1580 2798 148,
1619 2724 1735 2784 149
1765 2726 1960 2789 PRE,·
2003 2743 2108 2782 om.
2142 2724 2257 2782 FC.

430 4577 681 4621 Putamus
707 4579 869 4622 Snus.
976 4611 987 4622 .
2172 4573 2204 4622 8
