3209 5184
947 492 1257 539 PUBLILII
1303 493 1460 541 st
1505 494 1966 541 SENTENTIAE.
2523 479 2603 543 91

300 664 445 704 Prov.
492 644 681 710 Nihil
708 645 1310 727 prodesttdidieisse
1360 647 1507 711 bene
1544 645 1753 727 faeere
1794 649 1852 711 si
1883 667 2100 729 cesses.

352 756 438 813 10
484 746 672 811 Nihil
712 748 964 811 interest
1004 767 1124 827 quo
1168 748 1383 812 animo
1422 747 1632 829 facias
1674 749 1843 829 quod
1877 749 2092 831 fecisse
2133 750 2427 814 vitiosum
2469 755 2572 815 est.

486 847 664 912 Nam
702 847 879 928 faeta
924 853 1280 928 cernuntur,
1330 850 1586 913 animus
1628 870 1758 913 non
1801 852 2064 915 videtum.

487 948 639 1013 Non
682 970 875 1030 quam
917 950 1131 1013 multis
1161 950 1437 1032 placeas,
1483 952 1593 1016 sed
1636 952 1931 1033 qualibus
1970 954 2179 1032 stude,

488 1051 793 1133 Nequitia
836 1056 981 1135 ipsa
1011 1072 1223 1134 poena
1264 1053 1368 1116 sui
1411 1057 1516 1116 est.

486 1153 564 1218 N
557 1175 663 1218 am
705 1154 880 1218 mala
921 1154 1294 1218 conscientia
1335 1174 1517 1237 saepe
1560 1160 1698 1219 tuta
1742 1160 1845 1239 est,
1890 1177 2110 1221 secura
2152 1176 2520 1237 numquam.

357 1262 439 1319 15
487 1254 818 1319 Neminem
861 1256 978 1318 cito
1024 1259 1431 1335 accusaveris
1476 1258 1787 1322 neminem
1831 1260 1948 1322 cito
1992 1258 2371 1323 laudaveris.

488 1356 755 1421 Nullum
788 1358 1117 1438 putaveris
1160 1377 1285 1422 esse
1329 1358 1529 1436 locum
1569 1360 1708 1423 sine
1751 1362 1909 1423 teste.

488 1457 691 1523 Nulla
722 1458 968 1540 pusilla
1012 1459 1248 1537 domus,
1296 1479 1457 1539 quae
1499 1461 1725 1524 multos
1767 1462 1988 1543 recipit
2030 1463 2282 1526 amieos.

474 1560 858 1648 ‚Numquam
901 1561 1068 1623 enim
1109 1560 1304 1625 scelus
1344 1560 1561 1624 scelere
1602 1563 2057 1627 vindicandum
2100 1568 2202 1628 est.

488 1663 802 1727 Naturam
845 1660 1214 1744 abscondit,
1262 1682 1409 1725 cum
1453 1662 1790 1747 improbus
1836 1674 2014 1729 recte
2056 1663 2238 1729 facit.

486 1765 634 1829 Non
675 1762 885 1849 turpis
931 1771 1031 1826 est
1075 1764 1372 1845 cicatrix,
1420 1785 1613 1850 quam
1659 1765 1868 1829 virtus
1916 1767 2107 1851 parit.

486 1866 856 1951 Numquam
898 1865 1014 1929 ubi
1059 1864 1173 1929 diu
1215 1863 1342 1929 fuit
1386 1865 1582 1949 ignis,
1630 1865 1871 1931 defecit
1916 1888 2139 1954 vapor.

314 1976 445 2033 390
485 1967 772 2031 Necesse
816 1975 916 2029 est
957 1967 1390 2031 maximorum
1433 1967 1702 2030 minima
1746 1989 1891 2032 esse
1933 1968 2137 2032 initia.

485 2069 636 2134 Non
679 2067 947 2152 corrigit
991 2066 1107 2131 sed
1151 2065 1375 2149 laedit,
1423 2068 1535 2153 qui
1576 2070 1862 2133 invitum
1906 2069 2094 2154 regit.

487 2169 739 2255 (Nimia
782 2168 1197 2233 concedendo
1244 2169 1573 2233 interdum
1619 2169 1898 2234 stultitia
1940 2170 2065 2256 fit.)

311 2446 585 2489 comm-:s
615 2429 887 2487 Proverb.:
925 2429 1095 2488 PRF
1116 2429 1253 2507 (EC)
1286 2431 1371 2502 M,
1401 2447 1453 2487 v.
1482 2429 1846 2488 387—435:
1876 2432 1935 2488 F
1962 2427 2060 2506 (T)

311 2567 579 2640 despicias
612 2570 699 2623 vel
730 2566 991 2641 despicies
1025 2567 1086 2624 M
1267 2565 1302 2621 9
1349 2564 1590 2635 discere,
1623 2582 1749 2636 sup.
1784 2582 1900 2622 scr.
1938 2566 2021 2622 vel
2053 2566 2304 2623 didicisse
2334 2569 2393 2624 E
2559 2570 2609 2624 si

313 2668 500 2707 cesses
533 2653 591 2706 F
634 2653 788 2707 Vino.
823 2652 1010 2728 B.§sp.
1044 2653 1095 2706 d.
1129 2649 1190 2721 4,
1222 2649 1333 2706 85:
1380 2651 1457 2705 sic
1487 2666 1635 2705 esses
1668 2652 1740 2719 E,
1771 2652 1818 2705 si
1848 2651 2016 2706 cessis
2046 2653 2152 2708 PR
2327 2654 2408 2711 10
2450 2653 2517 2709 M
2542 2654 2602 2723 3,

331 2737 494 2792 Vino.
527 2737 599 2791 B.
636 2753 723 2806 sp.
757 2738 809 2791 d.
841 2735 901 2801 4,
937 2736 1054 2793 106
1089 2734 1314 2789 ‘Seneca
1345 2737 1397 2790 iu
1431 2733 1567 2790 libro
1598 2734 1666 2801 de
1697 2733 1964 2791 moribus:
2013 2736 2143 2792 nihil
2178 2779 2189 2790 .
2225 2779 2237 2792 .
2273 2778 2286 2791 .
2321 2738 2448 2793 est.'

318 2821 396 2875 11
443 2815 593 2896 nam]
630 2821 751 2894 quia
784 2821 852 2875 M
875 2820 911 2877 3
1090 2819 1163 2874 12
1213 2818 1280 2874 Μ
1304 2820 1341 2875 8
1514 2835 1788 2892 nunquam
1819 2818 2002 2875 multis
2036 2823 2093 2876 E
2237 2820 2519 2894 equalibus
2553 2824 2611 2878 E

313 2904 483 2961 studu
514 2906 568 2961 R
802 2905 878 2962 13
925 2905 990 2960 M
1020 2904 1120 2974 64,
1168 2904 1323 2960 Vino.
1357 2905 1426 2958 B.
1459 2920 1544 2974 sp.
1578 2906 1632 2960 d.
1667 2903 1738 2974 4,
1776 2903 1916 2975 106,
1949 2904 2080 2961 Sen.
2116 2909 2343 2976 epistul.
2378 2906 2454 2962 81
2475 2951 2492 2979 ,
2526 2906 2603 2962 22

314 2987 553 3045 ‘Attalus
596 2996 787 3045 noster
828 2989 1007 3044 dicere
1048 2986 1288 3044 solebat:
1334 2987 1529 3043 malitia
1570 2990 1687 3061 ipsa
1728 2989 2004 3044 maximam
2047 2999 2258 3064 partem·
2298 2992 2491 3046 veneni
2522 2993 2603 3046 sui

314 3073 493 3129 bibit?
528 3076 658 3131 ibid.
691 3072 794 3145 42,
828 3072 863 3127 2
896 3073 1020 3129 ‘nec
1049 3073 1157 3129 ulla
1187 3074 1353 3128 maior
1381 3088 1555 3146 poena
1586 3074 1858 3145 nequitiae
1890 3082 2006 3146 est,
2040 3090 2196 3147 quam
2233 3074 2380 3147 quod
2413 3074 2514 3130 sibi
2545 3092 2606 3131 ac

314 3160 429 3213 suis
460 3158 752 3233 displicet’.
955 3159 1067 3213 suis
1092 3151 1151 3211 F
1360 3155 1436 3212 14
1482 3173 1602 3212 nam
1648 3175 1751 3213 om.
1787 3158 1852 3213 M
1880 3158 1958 3214 65
2160 3153 2349 3235 saepe]
2394 3175 2607 3233 semper

313 3245 439 3300 cod.
474 3244 669 3300 Paris.
699 3240 864 3301 4841
906 3258 1061 3299 saec.
1092 3242 1192 3297 IX
1380 3240 1465 3305 ‚15
1511 3243 1840 3297 accusaveris
1872 3242 1956 3298 vel
2000 3243 2295 3299 laudaveris
2345 3244 2500 3301 Vino.
2534 3243 2605 3298 B.

317 3345 405 3399 sp.
436 3330 488 3384 d.
522 3325 595 3399 4,
628 3328 726 3385 92.
764 3327 906 3396 170,
937 3344 991 3382 n.
1025 3344 1070 3383 c.
1104 3325 1137 3381 l.
1171 3342 1225 3380 n.
1258 3343 1301 3382 c.
1335 3343 1379 3383 a.
1412 3327 1477 3382 M
1507 3325 1619 3396 76,
1650 3343 1704 3381 n.
1739 3343 1785 3381 c.
1816 3344 1859 3381 a.
1894 3344 1946 3384 n.
1980 3345 2025 3383 c.
2060 3329 2192 3395 (vitu
2224 3343 2336 3385 sec.
2371 3348 2444 3386 m.
2477 3345 2603 3400 sup.

316 3412 456 3483 scr.)
487 3412 760 3486 peraberis
794 3414 915 3468 cod.
940 3412 1079 3467 Pur.
1106 3409 1269 3466 4841
1449 3410 1523 3466 16
1571 3412 1637 3467 M
1666 3411 1743 3467 79
1889 3428 2007 3468 esse
2039 3412 2216 3468 locum
2244 3414 2405 3469 PRF
2440 3414 2597 3469 Vinc.

318 3498 389 3551 B.
421 3515 510 3568 sp.
545 3499 598 3553 d.
633 3497 695 3569 5,
729 3497 839 3554 35:
884 3496 1062 3551 locum
1089 3511 1213 3552 esse
1246 3496 1303 3550 E
1327 3497 1447 3551 cod.
1482 3496 1675 3551 Paris.
1707 3494 1867 3552 4841
1888 3536 1905 3563 ,
1948 3515 1989 3552 s.
2026 3506 2064 3552 t.
2097 3495 2135 3551 1.
2170 3513 2290 3552 esse
2339 3499 2496 3554 Vino.
2533 3498 2603 3552 B.

316 3598 405 3652 sp.
438 3584 494 3638 d.
536 3579 606 3652 4,
640 3582 739 3638 92.
781 3582 902 3638 170
1103 3580 1178 3635 17
1226 3579 1373 3635 nulla
1416 3579 1611 3654 pusilla
1643 3580 1821 3636 PRM
1854 3581 2002 3637 136:
2049 3597 2159 3636 non
2206 3590 2289 3637 est
2331 3579 2524 3654 pudica
2558 3582 2613 3636 F

499 3682 658 3739 quam
691 3668 747 3722 F
927 3666 1132 3739 recepit
1164 3664 1251 3720 Pa
1485 3665 1559 3720 18
1607 3665 1747 3726 enim
1780 3663 1969 3720 PRF:
2014 3683 2118 3722 om.
2150 3665 2215 3720 M
2247 3666 2399 3737 139,
2447 3666 2606 3723 Vino.

319 3752 391 3805 B.
420 3768 507 3821 sp.
542 3753 595 3806 d.
627 3750 701 3821 4,
736 3750 875 3808 133.
917 3749 1032 3806 136
1206 3749 1524 3805 vincendum
1556 3750 1716 3805 codd.
1750 3748 1820 3805 M
1825 3774 1842 3812 ;
1885 3748 1967 3821 cf.
2003 3751 2138 3808 Sen.
2176 3750 2406 3823 Thyest.
2442 3752 2605 3809 1107

318 3835 549 3891 ‘scelere
593 3836 716 3908 quis
760 3841 953 3909 pensat
986 3833 1164 3889 scelus
1178 3830 1227 3889 ‘3’
1402 3833 1520 3891 387
1567 3850 1689 3889 cum
1720 3835 1848 3909 imp.
1882 3824 2031 3890 recte
2062 3836 2277 3892 Bothe.-
2320 3836 2447 3909 imp.
2477 3855 2524 3892 c.
2557 3855 2603 3892 r.

318 3921 392 3989 F,
420 3937 467 3976 c.
502 3937 544 3973 r.
578 3921 613 3975 i.
645 3922 812 3993 vulyo
1012 3918 1133 3976 388
1179 3913 1215 3951 *
1248 3926 1283 3988 t,
1319 3927 1402 3974 est
1431 3919 1681 3974 cicatrix:
1728 3927 1812 3975 est
1843 3928 1881 3975 t.
1911 3937 1958 3975 c.
1995 3922 2066 3992 F,
2113 3927 2198 3976 est
2228 3937 2275 3976 c.
2310 3926 2351 3974 t.
2387 3921 2602 3978 Gruter

489 4004 610 4061 389
658 4004 859 4060 defecit
900 4005 1199 4060 Halmius:
1247 4002 1428 4058 deficit
1473 4006 1595 4060 cod.
1641 4003 1686 4064 0
1725 4011 1779 4059 et
1812 4005 2051 4075 Gruter,
2097 4004 2291 4061 cecidit
2319 4004 2392 4077 F,
2433 4004 2608 4061 defuit

321 4089 554 4162 Inqolst.
611 4089 808 4145 occidit
856 4092 1138 4160 proposui
1190 4086 1393 4144 Plu'lol.
1446 4086 1556 4158 22,
1599 4086 1747 4159 457,
1804 4088 2038 4146 concidit
2088 4090 2164 4145 H.
2214 4089 2608 4161 Bruppacher

328 4174 671 4230 Turicensis.
762 4173 1094 4246 Numquam,
1146 4171 1239 4227 diu
1277 4173 1420 4246 ignis
1473 4171 1564 4228 ubi
1626 4172 1759 4243 fuit,
1819 4172 1951 4229 defit
2000 4190 2167 4248 vapor
2210 4173 2396 4229 Bothe

323 4257 445 4316 390
488 4252 523 4290 *
556 4274 690 4313 max.
725 4259 850 4313 min.
887 4274 932 4312 e.
965 4258 1114 4313 initia
1145 4260 1218 4312 cl.
1256 4275 1285 4313 v
1332 4255 1485 4313 548:
1530 4259 1660 4313 min.
1694 4273 1743 4312 e.
1778 4274 1910 4312 max.
1946 4258 2068 4313 vitia
2099 4258 2154 4311 F
2178 4255 2283 4328 (cf.
2318 4256 2459 4312 Sall.
2484 4257 2605 4314 Cat.

323 4341 431 4412 51,
470 4341 600 4413 12),
649 4346 814 4415 vulyo
855 4346 1011 4398 inter
1049 4342 1379 4398 trochaicos
1405 4341 1536 4397 Esse
1577 4357 1801 4397 necesse
1837 4349 1921 4396 est
1951 4342 2078 4397 vitia
2108 4342 2322 4396 minima
2354 4342 2608 4397 maximo-

322 4442 436 4481 rum
466 4428 692 4482 maxima
866 4425 998 4483 392,
1039 4425 1126 4498 Cf.
1166 4424 1302 4482 180.
1336 4424 1456 4483 278
1632 4423 1663 4457 '¹‘
1694 4425 1848 4481 stult.
1882 4423 1968 4481 fit:
2016 4423 2077 4481 fit
2108 4432 2177 4481 st.
2212 4425 2280 4480 F.
2372 4426 2608 4482 Versum

325 4514 618 4567 eiecerunt
647 4513 778 4567 inde
810 4530 845 4567 a
881 4512 1128 4567 Grutero
1158 4525 1353 4565 omnes
