3209 5184
921 468 1234 514 PuBan
1279 457 1437 515 st
1481 467 1940 516 SENTENTIAE.
2484 455 2586 518 93-

444 620 598 685 Non
641 641 899 707 semper
940 632 1163 683 aurem
1205 618 1467 683 facilem
1511 619 1795 686 facilitas
1838 620 2057 685 habet.

445 723 817 808 Numquam
861 743 995 786 non
1035 721 1235 785 miser
1279 730 1399 808 est,
1446 722 1559 807 qui
1603 723 1779 807 quod
1821 724 2048 787 timeat
2091 723 2355 807 cogitat.

448 825 538 889 Ni
579 826 694 912 qui
736 824 863 888 scit
907 823 1145 905 facere,
1196 822 1475 887 insidias
1517 823 1728 887 nescit
1769 833 2078 889 metuere.

275 934 399 991 415
446 927 661 1011 Negat
707 925 836 989 sibi
881 926 1023 1013 ipse
1067 926 1182 1011 qui
1226 924 1400 1010 quod
1445 923 1715 988 difficile
1760 935 1859 990 est
1901 928 2089 1013 petit.

447 1027 738 1091 Nimium
779 1026 1154 1092 altercando
1198 1027 1443 1091 veritas
1484 1028 1828 1092 amittitur.

446 1127 645 1192 Nullo
688 1129 759 1191 in
801 1127 944 1194 loco
987 1128 1154 1192 male
1202 1127 1389 1192 audit
1431 1128 1903 1209 misericordia.

449 1230 824 1294 Necessitas
871 1230 1047 1316 quod
1091 1228 1280 1312 celat,
1324 1228 1570 1293 frustra
1612 1230 1964 1315 quaeritur.

449 1332 824 1396 Necessitas
869 1347 1061 1417 quam
1106 1331 1411 1419 pertinax
1452 1352 1730 1416 regnum
1772 1330 1987 1395 tenet!

280 1441 408 1499 420
450 1433 658 1497 Nemo
701 1434 1025 1498 inmature
1066 1434 1341 1497 moritur
1385 1434 1499 1519 qui
1539 1432 1812 1496 moritur
1853 1433 2073 1497 miser.

448 1535 807 1599 Nocentem
851 1536 966 1621 qui
1009 1533 1328 1616 defendit,
1374 1533 1504 1598 sibi
1548 1535 1795 1598 crimen
1836 1536 2040 1622 parit.

449 1636 565 1701 Nil
605 1660 740 1703 non
780 1646 895 1701 aut
937 1635 1099 1701 lenit
1140 1644 1254 1700 aut
1297 1635 1524 1701 domat
1567 1635 1987 1701 diuturnitaS.

446 1737 561 1803 Nil
602 1747 793 1825 turpe
837 1737 1037 1803 ducas
1081 1759 1199 1825 pro
1243 1737 1476 1803 salutis
1519 1736 1827 1803 remedio.

445 1839 601 1905 Noli
643 1848 1055 1904 contemnere
1099 1861 1197 1922 ea,
1243 1863 1409 1927 quae
1453 1863 1735 1906 summos
1779 1841 2146 1907 sublevant.

275 1950 400 2007 425
445 1941 558 2007 Nil
599 1941 781 2006 aliud
825 1943 951 2006 scit
993 1944 1374 2026 necessitas,
1421 1965 1616 2030 quam
1658 1945 1943 2008 vincere.

444 2044 651 2109 Nemo
695 2044 985 2109 timendo
1026 2044 1135 2107 ad?
1157 2067 1480 2109 summum
1524 2047 1827 2132 pervenit
1869 2045 2101 2111 locum.

443 2146 592 2210 Nisi
634 2168 751 2234 per
793 2155 860 2210 te
904 2147 1142 2233 sapias,
1178 2127 1433 2222 „frustra
1476 2148 1838 2234 sapientem
1879 2149 2129 2212 audias,

443 2239 840 2313 Necessitati
883 2249 1144 2336 sapiens
1189 2247 1355 2322 nihil
1396 2271 1705 2336 umquam
1746 2260 1964 2335 negat.

439 2351 592 2416 Non
634 2349 832 2416 facile
878 2352 960 2415 de
1004 2352 1365 2415 innocente
1396 2352 1642 2416 crimen
1683 2351 1973 2437 fingitur.

272 2460 402 2517 430
439 2450 744 2517 Nimium
777 2452 933 2518 boni
979 2462 1079 2517 est
1122 2453 1191 2516 in
1233 2459 1462 2537 morte,
1508 2455 1613 2517 cui
1656 2453 1752 2517 nil
1795 2456 1882 2519 sit
1924 2454 2102 2519 mali.

440 2555 526 2618 Ni
568 2554 812 2639 gradus
859 2557 1179 2636 servetur,
1223 2553 1390 2619 nulli
1433 2556 1614 2620 tutus
1659 2564 1760 2620 est
1803 2557 2093 2620 summus
2138 2554 2341 2620 locuS.

438 2654 551 2720 Nil
595 2665 696 2720 est
738 2657 1064 2739 miseriuS,
1111 2678 1303 2743 quam
1348 2656 1465 2722 ubi
1508 2657 1714 2744 pudet
1758 2657 1932 2744 quod
1975 2658 2231 2723 feceris.

440 2758 578 2822 Nec
620 2768 896 2823 mortem
939 2758 1227 2844 effugere
1271 2760 1616 2845 quisquam
1656 2781 1781 2824 nec
1821 2781 2107 2824 amorem
2150 2768 2386 2847 potest.

277 3090 541 3132 comens
572 3091 623 3130 v.
655 3070 1023 3130 387—435:
1052 3073 1112 3128 F
1136 3070 1229 3144 (T)

264 3224 392 3282 412
438 3225 665 3281 facilitas
707 3224 867 3280 habet
896 3225 1122 3297 Meyer,
1154 3226 1307 3298 quod
1335 3227 1767 3281 commendatur
1795 3242 1846 3280 v.
1882 3223 2035 3279 178:
2066 3224 2120 3280 h.
2149 3222 2373 3278 facilitas
2391 3224 2463 3294 F,
2492 3223 2547 3278 h.

269 3310 496 3367 felicitas
530 3311 767 3381 Gruter,
798 3311 869 3365 de
898 3328 1013 3383 qua
1038 3312 1373 3380 corruptela
1400 3308 1479 3380 cf.
1506 3312 1586 3365 ad
1605 3328 1657 3366 v.
1684 3309 1804 3366 278
1923 3307 2047 3364 413
2094 3309 2278 3363 timeat
2298 3308 2555 3381 Inyolst..·
2665 3334 2674 3340 ·

266 3397 420 3450 timet
450 3397 509 3451 F
672 3393 797 3451 414
843 3396 900 3449 ni
927 3396 1011 3451 F.-
1053 3396 1155 3449 nisi
1186 3397 1465 3466 editores,
1510 3395 1591 3467 ef.
1618 3412 1715 3468 py.
1750 3393 1830 3450 56
2001 3392 2127 3449 415
2171 3394 2289 3466 ipse
2318 3393 2555 3465 Inqolst.

268 3478 436 3536 Caec.
483 3481 653 3536 Balb.
685 3480 920 3537 Monac.
955 3480 1013 3551 1,
1049 3479 1145 3535 13.
1176 3480 1371 3535 Paris.
1406 3478 1519 3550 59,
1558 3496 1653 3553 pq.
1691 3479 1786 3535 19.
1817 3476 1932 3550 41,
1992 3478 2150 3534 Vinc.
2183 3478 2256 3532 B.
2287 3493 2373 3548 sp.
2404 3479 2458 3532 d.
2491 3475 2553 3548 4,

265 3564 370 3637 51,
400 3583 490 3638 sp.
520 3566 651 3621 hist.
684 3564 753 3636 3,
786 3564 895 3620 58:
936 3565 1040 3638 ipsi
1073 3564 1144 3636 0,
1177 3582 1280 3620 om.
1312 3565 1385 3636 F,
1442 3565 1667 3621 Walter
1694 3564 1921 3636 Burley
1950 3580 1994 3618 s.
2028 3581 2077 3619 v.
2111 3562 2388 3618 Socrates

263 3648 388 3707 416
433 3651 700 3705 amittitur
731 3651 949 3706 Gellius
982 3650 1082 3721 17,
1117 3648 1229 3721 14,
1258 3648 1523 3705 Macrob.
1557 3649 1679 3705 Sat.
1713 3647 1774 3719 2,
1808 3647 1866 3718 7,
1895 3649 2028 3704 Joa.
2062 3646 2295 3703 Saresb.
2327 3647 2543 3702 Policr.

262 3734 335 3807 8,
373 3734 482 3791 14:
528 3736 793 3790 evertitur
821 3735 905 3806 F,
947 3734 1213 3790 emittitur
1252 3735 1443 3790 Palat.
1476 3733 1769 3789 Macrobii
1946 3732 2069 3788 417
2114 3731 2267 3787 nullo
2296 3731 2556 3804 Inqolst..·

259 3820 471 3875 nullum
502 3820 563 3874 F
724 3818 846 3874 421
896 3818 997 3874 sibi
1039 3820 1242 3874 crimen
1271 3820 1352 3875 F.-
1397 3835 1473 3874 cr.
1504 3818 1606 3874 sibi
1640 3819 1879 3892 Inqolst.
1911 3816 2125 3873 sibimet
2163 3817 2369 3872 crimen
2400 3823 2554 3889 parat

266 3905 319 3959 T
484 3903 609 3960 422
660 3904 738 3959 nil
767 3904 1031 3977 Inyolst..·
1073 3904 1206 3959 nihil
1237 3905 1295 3960 F
1501 3902 1627 3960 423
1673 3904 1749 3959 nil
1778 3903 2038 3978 Inqolst.:
2079 3901 2214 3957 nihil
2242 3902 2353 3957 FT

258 3997 424 4063 turpe
453 3991 536 4046 F.-
583 3990 795 4062 turpius
832 3989 899 4060 T,
928 3997 1172 4062 tempora
1202 3989 1438 4062 Inqolst.
1634 3988 1780 4044 dicas
1813 3987 1959 4062 quod
1990 3985 2052 4041 fit
2080 4003 2180 4060 pro
2210 4003 2258 4041 s.
2290 4003 2336 4041 r.
2375 3986 2440 4055 T,
2471 3984 2555 4056 cf.

258 4092 313 4130 v.
349 4074 472 4132 379
504 4082 562 4131 et
595 4074 675 4131 76
874 4072 999 4131 425
1050 4072 1138 4146 Cf.
1171 4092 1220 4130 v.
1254 4073 1377 4131 399
1576 4074 1653 4129 nil
1683 4074 1942 4146 Inyolst.:
1978 4071 2114 4128 nihil
2142 4073 2201 4128 F
2395 4085 2554 4142 quam

255 4159 521 4232 Inyolst..·
552 4160 645 4233 qui
673 4160 734 4214 F
925 4157 1048 4215 427
1093 4156 1193 4213 An
1223 4159 1316 4214 ni?
1506 4157 1629 4216 428
1675 4158 1875 4214 Malim
1903 4157 2010 4226 nil;
2057 4156 2138 4228 cf.
2163 4174 2260 4230 pq.
2296 4153 2376 4210 56

265 4243 400 4302 330
447 4246 674 4300 nimium
704 4244 966 4317 Inqolst..·
995 4244 1244 4298 nimirum
1275 4245 1335 4300 F
1471 4239 1505 4277 '¹‘
1535 4243 1661 4300 boni
1692 4252 1777 4299 est
1804 4245 1860 4298 in
1891 4249 2099 4312 morte,
2128 4243 2214 4296 cui
2245 4238 2348 4295 nil:
2393 4246 2478 4293 est
2505 4239 2560 4293 in

254 4345 335 4384 m.
369 4328 424 4385 b.
456 4346 581 4384 cum
613 4328 744 4383 nihil
776 4329 834 4384 F
841 4353 861 4393 ,·
904 4328 986 4400 cf.
1017 4329 1246 4384 Ennius
1289 4331 1452 4400 apud
1478 4328 1657 4385 Cicer.
1691 4331 1762 4384 de
1787 4330 1891 4400 fin.
1926 4325 1997 4397 2,
2033 4325 2144 4397 13,
2173 4325 2253 4381 41
2301 4323 2553 4378 ‘Nimium

254 4411 335 4469 bo
347 4416 401 4470 ni
432 4421 540 4486 est,
572 4414 660 4469 cui
689 4413 767 4468 nil
798 4421 884 4469 est
917 4409 1002 4489 [in
1031 4408 1201 4489 diem]
1235 4414 1406 4471 mali?
1493 4430 1614 4469 cum
1645 4415 1720 4468 nil
1749 4415 1854 4468 siet
1881 4413 2119 4485 Inqolst.
2262 4408 2383 4466 431
2425 4408 2555 4480 for·

254 4505 420 4556 tasse
449 4507 738 4555 serventur
907 4496 1030 4554 432
1078 4497 1152 4553 nil
1182 4498 1442 4572 Inqolst..·
1485 4498 1619 4554 nihil
1646 4499 1704 4554 F
