3209 5184
922 420 1233 467 PUann
1277 421 1433 469 st
1480 421 1938 472 SENTENTIAE.
2452 409 2574 474 103

458 572 595 654 Qui
640 571 868 638 ulcisci
914 572 1193 655 dubitat,
1241 563 1568 658 improbos
1614 572 1833 661 plures
1878 575 2060 640 facit.

456 675 590 756 Qui
635 676 888 757 obesse,
933 696 1079 737 cum
1122 683 1359 760 potest,
1405 697 1535 739 non
1580 675 1745 759 vult,
1789 676 2059 763 prodest
2102 677 2247 742 tibi.

273 785 408 843 530
458 776 800 863 Quidquid
844 776 1017 840 bono
1062 775 1403 859 concedas,
1451 777 1564 840 des
1611 787 1864 864 partem
1907 778 2054 842 tibi.

454 877 650 959 Quod
693 878 945 943 nescias
992 879 1097 942 cui
1142 900 1363 942 serves
1409 878 1679 943 stultum
1725 890 1822 945 est
1866 902 2153 967 parcere.

455 979 643 1060 Quae
686 979 828 1044 vult
872 979 1085 1042 videri
1129 978 1301 1043 bella
1343 981 1560 1064 nimis,
1607 981 1771 1045 nulli
1815 990 2032 1066 negat.

453 1080 588 1161 Qui
632 1080 849 1162 debet,
894 1080 1095 1146 limen
1141 1081 1480 1146 creditoris
1526 1104 1656 1146 non
1699 1092 1893 1147 amat.

451 1184 587 1264 Qui
631 1192 781 1270 pote
823 1181 1178 1247 transferre
1222 1205 1527 1265 amorem,
1574 1193 1728 1271 pote
1774 1184 2118 1270 deponere.

270 1293 398 1350 535
448 1286 585 1366 Qui
629 1283 858 1372 culpae
902 1286 1183 1369 ignoscit
1227 1286 1363 1365 uni,
1412 1284 1642 1350 suadet
1688 1283 2008 1372 pluribus,

450 1386 795 1473 Quidquid
839 1385 1061 1473 probis
1110 1387 1402 1472 eripitur,
1450 1387 1764 1472 improbis
1812 1388 2025 1451 datur.

446 1488 581 1568 Qui
625 1487 756 1552 sibi
798 1511 925 1551 non
966 1488 1159 1568 vivit,
1206 1486 1353 1552 aliis
1400 1489 1632 1553 merito
1679 1498 1777 1553 est
1822 1498 2133 1553 mortuus,
2204 1523 2210 1536 ·
2325 1499 2340 1507 “

449 1588 793 1676 Quidquid
835 1589 910 1654 fit
955 1611 1104 1655 cum
1148 1589 1416 1672 virtute,
1461 1589 1536 1654 fit
1581 1599 1729 1654 cuni
1771 1589 2003 1675 gloria.

448 1691 583 1771 Qui
628 1700 929 1778 expectat
971 1699 1043 1755 ut
1085 1700 1373 1775 rogetur,
1420 1691 1708 1756 officium
1751 1691 1950 1756 levat.

271 1801 402 1858 540
447 1792 579 1873 Qui
624 1794 812 1857 timet
853 1793 1155 1873 amicum,
1202 1792 1339 1855 vim
1382 1814 1512 1857 non
1556 1794 1744 1858 novit
1787 1794 2091 1857 nominis,

447 1893 583 1973 Qui
626 1904 778 1981 pote
821 1894 1033 1957 celare
1077 1893 1330 1976 vitium,
1378 1894 1614 1958 vitium
1659 1917 1789 1958 non
1834 1894 2016 1958 facit.

446 1995 584 2075 Qui
627 2001 848 2060 omnes
893 1994 1167 2058 insidias
1212 1996 1417 2076 timet,
1462 1996 1533 2059 in
1575 1994 1788 2059 nullas
1836 1997 2090 2060 incidit.

446 2096 665 2176 Quam
709 2093 915 2159 malus
963 2106 1081 2178 est,
1129 2095 1383 2183 culpam
1428 2099 1541 2183 qui
1586 2119 1772 2160 suam
1814 2095 2083 2161 alterius
2129 2098 2319 2162 facit!

445 2198 579 2278 Qui
625 2197 814 2262 docte
857 2199 1083 2279 servit,
1130 2208 1380 2284 partem
1425 2197 1793 2262 dominatus
1841 2187 2038 2264 tenet.

267 2307 397 2364 545
445 2298 581 2379 Qui
625 2322 696 2364 se
741 2301 881 2385 ipse
924 2298 1167 2383 laudat,
1216 2302 1344 2366 cito
1391 2299 1747 2365 derisorem
1792 2302 2065 2365 invenit.

443 2400 659 2481 Quam
703 2403 1010 2465 miserum
1056 2412 1176 2484 est,
1222 2402 1387 2466 bene
1417 2403 1607 2488 ·quod
1651 2402 1884 2466 feceris
1928 2402 2178 2466 factum
2221 2405 2425 2489 queri.

442 2501 658 2582 Quam
703 2502 866 2566 felix
909 2503 1049 2567 vita
1092 2505 1329 2568 transit
1375 2506 1515 2568 sine
1560 2503 1874 2589 negotiis!

270 2780 543 2823 comens
588 2783 639 2820 v.
677 2763 1039 2822 501—568:
1086 2767 1144 2822 F
1169 2762 1272 2837 (T)

268 2918 471 2991 accipi,
512 2917 608 2973 sed
650 2918 766 2990 rapi
809 2918 1111 2991 oportere’,
1154 2919 1302 2974 Hor.
1337 2918 1519 2990 Epod.
1557 2917 1666 2988 13,
1700 2916 1772 2988 4,
1805 2918 1939 2973 Seu.
1976 2921 2137 2989 epist.
2174 2918 2273 2988 70,
2308 2918 2388 2973 24

267 3003 397 3060 528
443 3003 532 3075 Cf.
568 3021 615 3059 v.
654 3001 808 3073 285,
845 2993 1114 3075 proverb.
1149 3003 1226 3059 66
1412 3001 1623 3057 dubitat
1656 3002 1840 3057 ulcisci
1874 3002 2091 3057 Gruter
2290 3002 2410 3059 529
2461 3003 2557 3058 tibi

267 3090 571 3159 Halmiu8‚
624 3089 778 3159 quod
823 3090 996 3143 simili
1034 3091 1196 3144 exitu
1242 3104 1441 3144 versus
1483 3090 1778 3159 sequentis
1823 3088 2092 3143 haustum
2135 3103 2260 3143 esse
2303 3090 2556 3144 videtur.-

265 3191 373 3229 om.
407 3173 489 3235 F,·
530 3171 787 3246 prodest,
833 3172 1141 3245 quicunque
1185 3170 1378 3227 obesse
1422 3189 1531 3227 non
1574 3171 1707 3235 vult,
1753 3189 1875 3227 cum
1916 3178 2102 3244 potest
2145 3173 2361 3228 Gruter

266 3258 395 3315 530
437 3256 688 3312 concedis
720 3256 955 3331 Inqolst.
991 3265 1050 3312 at
1082 3247 1162 3328 ef.
1198 3276 1243 3313 v.
1279 3256 1398 3313 512
1572 3251 1609 3289 ²¹¹²
1641 3256 1765 3311 des:
1813 3256 1906 3311 das
1936 3257 2018 3321 F,·
2065 3256 2145 3329 cf.
2175 3275 2271 3329 pq.
2307 3257 2389 3315 60

267 3342 393 3400 532
441 3343 595 3397 nimis
627 3341 764 3396 nulli
795 3344 1037 3397 Gruter.-
1084 3343 1302 3397 nimium
1334 3342 1411 3397 illi
1443 3342 1499 3396 F
1678 3340 1799 3398 534
1845 3350 1976 3415 pote
2010 3383 2023 3396 .
2061 3382 2074 3396 .
2110 3384 2123 3396 .
2156 3352 2285 3420 pote
2319 3342 2555 3414 Gruter,

261 3436 326 3483 ut
372 3446 420 3485 v.
455 3420 604 3502 5275:
652 3433 836 3498 potest
860 3469 883 3481 „.
919 3470 933 3484 .
968 3469 980 3482 .
1017 3435 1199 3500 potest
1233 3428 1291 3483 F
1483 3425 1606 3483 535
1653 3426 1839 3500 culpae
1880 3428 1990 3500 ign.
2035 3427 2127 3481 uni
2168 3427 2413 3482 Gruter.-
2462 3429 2555 3482 uni

263 3531 313 3568 c.
359 3513 472 3585 ign.
508 3513 577 3582 F,
611 3512 769 3565 unius
800 3528 846 3566 c.
878 3512 911 3566 i.
944 3512 1296 3568 Ribbeelcius
1388 3567 1397 3580 ,
1468 3511 1588 3569 536
1636 3506 1672 3543 *
1704 3510 1885 3584 probis
1931 3527 2112 3582 seqq..·
2156 3511 2410 3584 quicquid
2455 3513 2551 3566 im-

262 3595 450 3670 probis
493 3612 571 3651 cr.
604 3596 762 3651 datur
791 3594 976 3669 probis
1008 3599 1087 3661 F;
1133 3615 1234 3653 om.
1269 3600 1532 3653 editores.
1624 3596 1712 3667 Cf.
1747 3596 2096 3651 Pseudosen.
2130 3597 2201 3650 de
2231 3613 2375 3651 mor.
2415 3596 2553 3667 114,

265 3681 571 3737 Cleobulus
616 3683 779 3752 apud
814 3681 1157 3753 Ausonium,
1217 3681 1335 3737 VII
1358 3682 1497 3752 Sap.
1693 3679 1812 3737 537
1859 3678 1959 3734 sihi
2003 3696 2112 3734 non
2155 3673 2213 3754 (i.
2245 3695 2292 3760 e.
2336 3697 2409 3736 ne
2450 3683 2559 3737 sibi

263 3764 510 3838 quidem)
541 3767 598 3821 F
609 3790 623 3819 .·
668 3764 767 3820 sibi
799 3766 1013 3822 minime
1050 3767 1113 3838 Τ,
1155 3765 1255 3821 sibi
1298 3765 1459 3820 modo
1492 3769 1641 3821 coni.
1673 3766 1888 3821 Gruter
1918 3768 2046 3822 coll.
2079 3763 2401 3823 Menandri
2428 3766 2552 3822 Mo·

263 3858 411 3906 nost.
444 3849 566 3906 585
609 3837 772 3903 τοῦτ’
817 3842 942 3905 ἐστί
979 3839 1042 3905 τὸ
1088 3847 1194 3924 ζῆν
1222 3842 1302 3924 μὴ
1334 3847 1560 3927 σεαυτῷ
1594 3846 1703 3922 ζῆν
1732 3846 1942 3924 μόνοιι;
1975 3850 2040 3906 al.
2074 3866 2203 3906 mer.
2236 3851 2453 3907 Bothe.-
2483 3868 2551 3906 m.
2611 3861 2614 3865 ’

262 3953 312 3989 a.
346 3935 403 3988 F
540 3951 669 3990 mer.
703 3935 885 3990 multis
918 3936 1186 3993 occumbit
1215 3938 1269 3993 R
1427 3935 1546 3992 539
1593 3945 1802 4010 spectat
1834 3936 2050 3992 Gruter
2207 3934 2331 3991 540
2377 3936 2466 4006 Cf.
2499 3955 2548 3991 v.

271 4018 397 4080 524
571 4017 688 4076 541
738 4029 868 4093 pote
896 4021 1142 4077 Gruter.-
1186 4029 1370 4095 potest
1400 4023 1457 4076 F
1623 4023 1831 4093 vitium,
1863 4021 2047 4076 vitium
2082 4019 2326 4075 Gruter.-
2365 4020 2549 4075 vitium

261 4106 325 4159 F
332 4130 351 4168 ;
392 4105 485 4178 qui
514 4120 625 4159 non
656 4113 840 4177 potest
869 4124 915 4162 c.
948 4125 997 4160 v.
1032 4123 1141 4161 non
1174 4107 1212 4161 f.
1249 4107 1314 4162 G.
1340 4105 1545 4179 Meyer
1720 4105 1841 4164 542
1889 4107 2114 4160 totidem
2145 4107 2332 4160 verbis
2364 4106 2550 4161 codex

261 4207 332 4260 π,
364 4189 457 4262 qui
485 4189 588 4244 ins,
626 4189 746 4262 plus
782 4199 817 4246 t.
851 4193 1059 4265 capitur
1090 4192 1263 4246 minus
1301 4192 1365 4262 T,
1396 4193 1487 4265 qui
1521 4199 1554 4246 t.
1590 4193 1624 4247 i.
1657 4208 1706 4246 0.
1739 4208 1791 4251 n.
1825 4192 1860 4245 i.
1895 4190 2128 4246 Gruter.
2204 4189 2289 4261 Cf.
2325 4207 2374 4244 v.
2412 4188 2550 4245 116.

262 4274 386 4331 607
563 4273 685 4330 544
733 4274 818 4348 Cf.
853 4295 903 4333 v.
940 4276 1057 4333 661
1095 4284 1148 4331 et
1180 4275 1349 4332 C'ccee.
1384 4274 1554 4332 Balb.
1585 4276 1745 4333 Mon.
1782 4276 1878 4345 18,
1916 4293 2010 4346 7²9·
2044 4273 2122 4330 26
2166 4270 2380 4328 ‘Parere
2412 4272 2550 4328 scire

265 4376 393 4415 cuin
438 4360 737 4432 imperante
777 4361 1016 4433 aequalis
1059 4368 1141 4415 cst
1183 4361 1379 4433 gloria’
1593 4359 1713 4417 545
1760 4361 1873 4432 ipse
1915 4360 2242 4414 Bentleius:
2285 4358 2457 4430 ipsum
2500 4359 2557 4413 F

434 4443 555 4499 547
603 4438 638 4476 *
672 4460 831 4516 quam
873 4445 998 4501 sclix
1042 4451 1171 4502 ete„-
1214 4463 1368 4518 quam
1415 4453 1498 4500 est
1540 4445 1578 4501 s.
1623 4463 1671 4499 v.
1715 4461 1850 4517 quae
1892 4445 2008 4499 sine
2051 4460 2104 4499 n.
2143 4450 2179 4497 t.
2212 4445 2295 4498 F·
2338 4460 2390 4515 q.
2427 4443 2462 4496 f.
2498 4460 2545 4498 v.
