3209 5184
654 478 739 543 34
1218 520 1241 537 .
1516 488 2060 539 monteronem.

655 754 848 837 1111.
963 751 1177 855 Quae
1249 746 1672 834 sententiae
1747 747 2090 832 Publilio
2171 746 2326 830 sint
2401 746 2944 848 vindicandae,

1175 912 1375 993 quae
1443 885 1930 968 damnandae
2001 882 2425 991 quaeritur.

824 1084 1210 1149 Praemissis
1269 1104 1434 1169 quae
1481 1082 1562 1145 de
1606 1080 1891 1147 Publilio
1938 1082 2206 1168 eiusque
2250 1083 2720 1146 sententiarum
2765 1084 2947 1148 codi-

657 1189 843 1254 cibus
889 1196 953 1252 et
999 1185 1395 1251 editionibus
1440 1205 1704 1250 monere
1748 1185 1975 1269 utique
2018 1205 2283 1248 necesse
2329 1193 2499 1268 erat,
2555 1186 2947 1249 accedamus

658 1292 785 1358 iam
845 1289 931 1353 ad
984 1287 1427 1377 quaestionem
1481 1286 1968 1371 gravissimam,
2028 1306 2193 1371 quae
2237 1304 2353 1377 per
2393 1295 2491 1350 tot
2536 1285 2948 1352 saeculorum

657 1393 1001 1457 decursum
1053 1387 1545 1477 philologorum.
1591 1388 1861 1472 ingenia
1902 1410 2032 1452 non
2077 1388 2369 1451 exercuit
2413 1387 2654 1472 solum,
2712 1388 2828 1453 sed
2875 1390 2948 1452 in

656 1504 789 1559 tam
835 1492 1132 1557 diversas
1178 1490 1467 1576 abripuit
1522 1491 1913 1572 sententias,
1969 1498 2042 1554 ut
2086 1487 2280 1554 hodie
2323 1512 2441 1554 nos
2487 1513 2526 1553 a
2571 1491 2949 1576 cognitione

658 1595 799 1660 veri
854 1593 1110 1678 longius
1167 1591 1397 1656 abesse
1455 1589 1793 1655 fatendum
1851 1591 1936 1654 sit
1995 1613 2187 1677 quam
2235 1612 2405 1656 anno
2457 1591 2620 1656 1514
2663 1591 2942 1655 Deside-

657 1698 792 1761 rius
840 1694 1150 1759 Erasmus
1207 1693 1440 1757 fuerat.
1531 1691 1603 1757 Si
1651 1693 1796 1778 quis
1853 1702 2070 1757 autem
2113 1693 2331 1757 missis
2379 1693 2774 1758 editionibus
2820 1692 2949 1757 soli

658 1799 975 1863 innitetur
1035 1794 1332 1859 codicum
1388 1794 1760 1858 auctoritati
1803 1813 2013 1880 neque
2058 1817 2128 1859 se
2173 1794 2499 1859 erroribus
2544 1795 2628 1859 ab
2672 1794 2948 1859 homini·

659 1900 780 1965 bus
827 1898 1036 1963 doctis
1083 1896 1364 1960 invectis
1411 1896 1738 1982 corrumpi
1783 1897 2102 1983 patietur,
2149 1893 2325 1960 haud
2371 1898 2463 1961 ita
2508 1896 2777 1961 difficile
2822 1898 2948 1960 erit

659 2000 1104 2088 quaestionem
1147 1995 1341 2084 paulo
1385 1996 1868 2082 impeditiorem
1912 1998 1983 2060 in
2028 2019 2176 2062 suas
2221 2008 2437 2085 partes
2484 1994 2840 2062 dissolvere
2868 2020 2950 2060 ac

658 2100 917 2187 singula
961 2109 1287 2165 momenta
1332 2096 1536 2162 libero
1584 2095 1826 2162 iudicio
1872 2097 2254 2184 ponderare.

832 2205 896 2287 1)
946 2201 1301 2268 Videamus
1348 2200 1629 2286 primum
1675 2198 1768 2262 de
1814 2202 2254 2265 sententiis
2299 2202 2369 2264 in
2407 2201 2692 2267 editione
2723 2212 2949 2266 nostra

660 2304 1090 2371 inclinatis
1150 2301 1464 2368 litteris
1523 2303 1977 2385 expressis,
2046 2324 2318 2388 quarum
2375 2304 2585 2389 prima
2643 2312 2742 2368 est
2798 2315 2949 2390 post

662 2429 725 2472 v,
773 2406 898 2470 386

1008 2528 1288 2591 Nondum
1331 2526 1469 2597 felix
1513 2543 1598 2593 ea,
1643 2528 1696 2584 si
1738 2527 2000 2586 nondum
2043 2533 2095 2587 tc
2138 2530 2313 2589 turba
2356 2531 2587 2589 deridet.

666 2678 793 2741 Eas
855 2697 1244 2763 quamquam
1307 2693 1389 2737 ne
1456 2671 1670 2737 obiter
1737 2672 2000 2759 quidem
2066 2674 2308 2761 legenti
2370 2675 2562 2762 longe
2615 2699 2655 2739 a
2711 2678 2947 2740 ceteris

661 2780 906 2845 distare
961 2777 1309 2841 obscurum
1366 2795 1507 2839 esse
1564 2783 1812 2861 potest,
1883 2776 2208 2842 editorum
2260 2787 2478 2842 tamen
2534 2777 2952 2862 neglegentia

660 2883 907 2947 sactum
952 2890 1080 2961 est,
1138 2887 1210 2942 ut
1265 2875 1729 2962 haud·paueae
1775 2878 2128 2943 etiamnum
2175 2902 2294 2967 pro
2347 2878 2737 2945 Publilianis
2792 2902 2950 2944 ven-

660 2983 968 3049 ditentur.
1057 2980 1380 3045 Nimirum
1422 2998 1553 3041 non
1596 3000 1820 3043 omnes
1867 2979 2010 3045 illas
2055 2981 2141 3044 ad
2184 2981 2382 3045 fidem
2425 2980 2722 3045 codicum
2753 2981 2951 3045 eden-

658 3085 781 3149 das
828 3090 1253 3163 curaverunt,
1302 3079 1417 3143 sed
1462 3077 1736 3145 selectas
1780 3091 2066 3164 tantum,
2114 3104 2280 3168 quae
2325 3083 2559 3147 iambis
2604 3082 2797 3147 facile
2841 3084 2951 3148 vel

659 3185 981 3252 trochaeis
1023 3180 1496 3248 accommodari
1526 3193 1815 3266 possent,
1847 3184 2242 3265 emendam,
2279 3193 2353 3248 ut
2380 3186 2543 3271 ipsis
2575 3184 2949 3267 videbatur,

660 3286 953 3375 probatis
1012 3284 1311 3349 versibus
1362 3289 1797 3352 inseruerunt.
1884 3287 2050 3351 Cum
2091 3296 2311 3350 autem
2356 3286 2733 3373 plerumque
2777 3297 2950 3351 taee-

662 3398 829 3470 rent‚
875 3387 1035 3476 quid
1079 3387 1455 3452 omisissent
1492 3385 1990 3453 addidissentve
2019 3398 2460 3475 quantumque
2487 3388 2710 3453 verbis
2740 3398 2980 3452 trans?

663 3491 899 3581 positis
946 3487 1051 3553 vel
1095 3491 1403 3555 correctis
1433 3513 1471 3554 a
1502 3491 1818 3556 librorum
1859 3491 2248 3556 auctoritate
2289 3490 2627 3571 abiissent,
2671 3491 2954 3575 contigit

663 3615 859 3671 sane,
920 3600 993 3658 nt
1047 3613 1119 3657 se
1172 3592 1455 3655 invicem
1517 3593 1685 3658 alter
1742 3590 2018 3656 alterum
2080 3591 2484 3679 aliquamdiu
2548 3591 2951 3679 deciperent,

661 3693 856 3761 simul
898 3715 1120 3757 omnes
1162 3692 1521 3777 legentium
1564 3693 1770 3761 oeulis
1809 3691 2162 3781 plurimum
2190 3693 2490 3778 caliginis
2519 3693 2952 3758 offunderent.

664 3794 795 3859 Sed
852 3795 1169 3859 maximas
1226 3795 1455 3861 turbas
1500 3796 1666 3861 illud
1711 3797 2060 3877 excitavit,
2117 3796 2292 3883 quod
2337 3798 2806 3861 sententiarum
2846 3819 2951 3860 or-

664 3896 841 3977 dine,
887 3917 1077 3983 quem
1121 3896 1381 3961 codices
1426 3900 1893 3985 seqnitilitltr*l‚
1939 3895 2132 3984 plane
2173 3899 2436 3963 inverso
2479 3910 2770 3963 nostrum
2813 3921 2949 3963 mo—

666 4022 805 4065 rem
860 3998 1067 4062 secuti
1122 3999 1634 4079 coniunxerunn
1700 4021 1864 4085 quae.
1917 4020 1956 4062 a
2012 3998 2252 4064 litteris
2309 4002 2442 4081 Na,
2499 4001 2634 4081 Xe,
2689 4000 2778 4063 Ni
2822 4011 2950 4063 ete.

668 4100 1011 4188 incipiunt.
1056 4121 1269 4185 neque
1310 4100 1377 4167 id
1424 4101 1495 4165 in
1538 4102 1624 4166 iis
1667 4111 1920 4167 tantum
1963 4100 2094 4166 sibi
2139 4114 2552 4187 sumpserunt
2581 4103 2950 4171 sententiis,

668 4202 753 4267 de
810 4202 1049 4291 quibus
1104 4223 1277 4265 nune
1328 4203 1553 4286 agitur
1602 4224 1892 4289 quasque
1943 4224 2097 4267 mox
2143 4202 2514 4268 videbimus
2559 4203 2952 4271 subditicias

806 4444 855 4473 *⁸
898 4446 1131 4495 Constat
1166 4460 1233 4495 ex
1259 4446 1429 4496 Festo
1462 4444 1704 4509 aliisque
1739 4448 1960 4494 veteres
1997 4445 2052 4494 iu
2087 4446 2376 4496 *embolis
2411 4447 2482 4496 nd
2517 4446 2824 4496 litterarum
2863 4464 2952 4496 or-

668 4528 851 4578 dinem
888 4530 1207 4595 digerendis
1242 4532 1449 4595 primae
1487 4538 1698 4579 tautum
1737 4529 1956 4580 litterae
1992 4534 2258 4581 rationem
2297 4532 2576 4581 habuisse.
