3209 5184
924 433 1234 481 Punmmi
1282 434 1439 482 sym
1484 433 1944 483 snn'rnu'rrffl.
2493 423 2574 487 77

276 594 411 651 170
460 586 733 650 Frustra
775 594 1066 673 rogatur,
1112 587 1224 672 qui
1267 587 1564 651 misereri
1607 609 1735 652 non
1781 595 2016 675 potest.

452 688 745 752 Fortuna
787 686 963 751 unde
1005 685 1253 774 aliquid
1300 688 1518 773 fregit,
1567 710 1825 752 cassum
1873 736 1888 752 .
1938 737 1953 750 .
2002 697 2121 753 est.

450 789 660 854 Fraus
708 797 809 853 est
851 789 1170 875 accipere,
1200 789 1390 877 'quod
1435 813 1566 855 non
1611 790 1822 877 possis
1867 789 2163 854 reddere.

449 890 744 956 Fortuna
785 891 1058 955 nimium
1105 914 1295 978 quem
1340 890 1542 974 fovet,
1590 891 1861 957 stultum
1905 890 2083 958 facit.

453 993 727 1056 Fatetur
771 990 1025 1058 facinus
1030 997 1070 1075 ,'
1103 995 1398 1080 quisquis
1443 992 1762 1058 iudicium
1805 992 1997 1079 fugit.

276 1103 402 1160 175
452 1092 649 1158 Felix
689 1093 1055 1181 inprobitas
1101 1096 1492 1182 optimorum
1536 1105 1635 1159 est
1680 1093 2035 1160 calamitas.

450 1196 677 1279 Feras,
723 1219 854 1260 non
898 1194 1120 1283 culpes
1174 1194 1348 1282 quod
1391 1197 1631 1261 mutari
1672 1217 1802 1261 non
1845 1206 2080 1283 potest.

451 1298 702 1363 Futura
745 1306 1060 1385 pugnant,
1106 1319 1227 1362 nec
1269 1319 1341 1362 se
1385 1299 1679 1385 superari
1725 1299 1968 1363 sinunt.

453 1400 667 1464 Furor
708 1399 784 1463 fit
826 1398 1003 1464 laesa
1048 1400 1307 1487 saepius
1351 1401 1689 1486 patientia.

451 1500 686 1566 Fidem
732 1504 844 1588 qui
887 1500 1122 1589 perdit,
1169 1501 1261 1566 nil
1304 1511 1457 1588 pote
1502 1500 1675 1566 ultra
1717 1501 2011 1588 perdere.

278 1611 407 1669 180
453 1602 771 1667 Facilitas
814 1604 1018 1668 nimia
1059 1602 1146 1667 ad
1187 1613 1443 1692 partem
1487 1602 1807 1668 stultitiae
1849 1605 2038 1691 rapit.

450 1704 652 1769 Fides
699 1706 872 1770 sicut
914 1706 1153 1787 anima,
1200 1705 1375 1769 unde
1417 1703 1604 1787 abiit,
1652 1725 2004 1791 numquam
2048 1706 2240 1770 redit.

449 1806 680 1870 Fidem
726 1828 915 1870 nemo
960 1828 1264 1893 umquam
1308 1805 1549 1894 perdit,
1597 1807 1726 1870 nisi
1770 1808 1881 1893 qui
1925 1829 2053 1872 non
2099 1806 2322 1872 habet.

445 1908 736 1972 Fortuna
781 1907 1009 1972 obesse
1052 1906 1216 1971 nulli
1262 1916 1569 1974 contenta
1614 1917 1713 1972 est
1758 1909 1979 1972 semel.

273 2150 554 2197 comens
588 2154 649 2191 .v.
689 2135 1048 2193 166—192:
1094 2135 1314 2193 PRBF
1339 2134 1534 2208 (TEC)

260 2257 440 2328 Πίος.
472 2256 670 2311 Laert.
706 2256 743 2312 5
762 2297 778 2323 ‚
815 2255 924 2325 11,
960 2254 1036 2311 18
1068 2256 1139 2310 de
1168 2256 1477 2311 Aristotele
1518 2240 1584 2308 τὸ
1616 2244 1829 2322 κᾶλλος
1858 2239 2077 2322 παντὸς
2108 2247 2308 2329 ἔλεγεν
2337 2247 2564 2310 ἐπιστο-

261 2336 401 2395 λίου
445 2331 949 2411 συστατικώτερον
1134 2346 1220 2395 est
1253 2356 1359 2395 om.
1395 2339 1707 2395 Fabricius
1909 2339 2031 2397 170
2074 2341 2331 2396 miserere
2359 2340 2431 2412 P,
2472 2341 2570 2396 mi-

259 2426 374 2482 seri
413 2422 462 2478 C
631 2425 750 2481 171
798 2422 887 2480 ubi
923 2424 973 2478 B
1112 2439 1322 2479 cassum
1355 2423 1411 2478 F
1437 2430 1491 2479 el
1522 2424 1686 2479 codd.
1718 2426 1984 2481 meliores
2015 2425 2254 2483 Gruteri
2268 2450 2284 2478 .-
2314 2440 2567 2498 quassum

256 2508 487 2567 PRBC
650 2510 867 2583 penitus
913 2515 998 2564 est
1042 2508 1256 2565 Gruter
1430 2506 1549 2563 172
1597 2507 1699 2564 EC
1742 2507 1899 2565 Vinc.
1939 2509 2085 2567 Bell.
2137 2525 2225 2580 sp.
2269 2511 2323 2566 a.
2358 2507 2420 2581 4,
2454 2509 2554 2567 53.

260 2596 323 2667 6,
363 2594 463 2656 15,
554 2595 780 2651 Seneca
811 2596 881 2650 de
912 2592 1101 2665 benef.
1139 2591 1211 2664 5,
1245 2593 1314 2655 6.
1349 2592 1384 2646 2
1432 2588 1710 2648 ‘Socrates
1741 2591 1906 2666 dixit,
1948 2610 2008 2649 se
2039 2593 2187 2650 nolle
2216 2591 2473 2650 beneficia
2503 2594 2567 2650 ab

255 2696 327 2736 eo
360 2681 630 2754 accipere,
661 2680 748 2734 cui
779 2695 887 2734 non
922 2679 1095 2751 possit
1123 2678 1269 2752 paria
1300 2675 1575 2733 reddere’.
1650 2677 1741 2750 Cf.
1773 2697 1825 2735 v.
1860 2677 1982 2734 573
2159 2673 2278 2736 173
2326 2678 2363 2734 s.
2399 2695 2563 2753 quem

258 2765 547 2820 minimum
592 2764 637 2819 C
850 2762 968 2819 174
1025 2757 1060 2795 *
1093 2763 1339 2836 quisquis
1390 2764 1625 2818 meliore
1682 2778 1967 2819 caesura.-
2026 2764 2110 2819 his
2162 2764 2254 2837 qui
2297 2764 2464 2834 PbE,
2519 2765 2565 2820 is

258 2851 360 2922 qui
406 2850 642 2919 PaRF,
686 2852 813 2904 ilem
861 2848 916 2901 B
958 2851 1071 2904 uisi
1111 2849 1263 2919 qaod
1303 2864 1419 2903 una
1458 2849 1655 2903 littera
1698 2854 1833 2904 ante
1875 2849 1920 2903 is
1963 2864 2137 2904 erasa
2182 2856 2295 2919 est,
2343 2849 2437 2922 qui
2474 2848 2568 2904 TC

275 2935 445 2990 Vinc.
480 2934 629 2990 Bell.
662 2949 750 3004 sp.
782 2934 834 2989 d.
870 2931 931 3003 4,
965 2931 1043 2990 65
1217 2931 1362 3005 sugit
1391 2930 1640 2988 iuditium
1675 2933 1757 3006 E,
1801 2931 2034 2989 fateatur
2064 2932 2102 2987 f.
2136 2940 2419 3006 prompte,
2466 2933 2557 3006 qui

254 3020 296 3073 i.
344 3018 387 3073 s.
432 3017 716 3073 manifeste
761 3017 828 3072 T.
921 3017 1180 3074 Ceteram
1222 3018 1378 3073 hanc
1421 3020 1762 3074 sententiam
1794 3025 1930 3088 post
1972 3036 2022 3075 v.
2072 3017 2188 3074 168
2233 3017 2464 3073 exhibet
2493 3017 2561 3086 F,

250 3106 366 3160 sed
408 3107 629 3159 rectius
667 3104 762 3158 hic
806 3104 1087 3159 collocari
1124 3103 1333 3158 indicio
1375 3109 1460 3158 est
1500 3103 1749 3158 eiusdem
1795 3104 2011 3159 codicis
2051 3104 2387 3174 corruptela
2429 3099 2565 3156 iudi-

249 3188 408 3243 cium
439 3187 588 3256 facit,
622 3195 750 3244 orla
782 3203 863 3243 ex
894 3205 942 3242 v.
979 3186 1097 3243 173
1303 3185 1421 3242 175
1470 3186 1506 3241 f.
1541 3193 1628 3241 est
1656 3187 1690 3241 i.
1725 3203 1776 3242 o.
1811 3203 1859 3242 c.
1912 3188 2069 3243 Vinc.
2103 3187 2252 3242 Bell.
2286 3202 2373 3257 sp.
2407 3187 2463 3242 d.
2495 3185 2558 3258 4,

254 3271 348 3329 82
531 3272 651 3328 176
697 3272 853 3326 vitari
898 3271 1112 3328 Gellius
1148 3271 1256 3339 17,
1294 3269 1401 3340 14,
1437 3270 1505 3334 C;
1551 3271 1749 3327 imitari
1793 3278 1921 3328 vell.
1966 3273 2121 3328 editt.
2159 3271 2284 3327 Ioa.
2321 3270 2559 3328 Saresb.

248 3358 480 3413 Policr.
516 3355 576 3427 8,
613 3355 688 3411 14
804 3363 963 3430 potes
997 3355 1050 3410 T
1218 3355 1335 3412 177
1382 3363 1629 3429 pugnant
1659 3356 1933 3413 PaRFC:
1978 3372 2085 3412 non
2117 3363 2365 3431 pugnant
2395 3355 2555 3425 PbB,

246 3450 521 3516 pungunt
550 3442 814 3498 Ribbeck
983 3457 1084 3496 nec
1125 3441 1211 3496 R.-
1257 3455 1323 3495 ue
1355 3438 1587 3509 PBFC,
1635 3457 1744 3496 non
1788 3443 2012 3498 videtur
2052 3457 2236 3511 supra
2278 3444 2559 3511 scriptum

237 3528 447 3600 fuisse
476 3530 535 3583 in
569 3526 888 3599 archetypo
910 3526 1174 3595 codicum
1204 3524 1362 3594 PbB,
1398 3527 1549 3582 unde
1580 3528 1809 3598 negatio
1841 3529 1989 3582 male
2019 3528 2097 3581 ad
2124 3525 2354 3581 verbam
2381 3541 2560 3596 prae-

247 3613 475 3668 cedens
506 3617 766 3667 retracta
801 3617 902 3666 est.
1076 3610 1265 3666 sinunt
1293 3610 1377 3679 R,
1410 3613 1462 3666 si
1489 3617 1650 3666 recle
1679 3613 1794 3683 leyi
1810 3635 1824 3664 .·
1869 3612 2044 3666 sinant
2076 3610 2311 3681 PBFC,
2356 3616 2418 3665 ut
2448 3649 2462 3663 .
2497 3648 2510 3663 .
2547 3649 2560 3663 .

242 3698 436 3751 sinant
468 3698 756 3752 Erasmus
929 3693 1048 3751 178
1095 3692 1144 3750 C
1189 3695 1343 3751 Vinc.
1379 3694 1530 3752 Bell.
1566 3710 1657 3766 sp.
1690 3697 1742 3750 d.
1773 3693 1835 3764 4,
1871 3694 2023 3764 1333
2070 3696 2153 3768 cf.
2189 3713 2237 3752 v.
2272 3693 2395 3750 412

242 3782 400 3837 laesa
430 3781 690 3855 sapientia
723 3780 936 3853 saepius
985 3778 1147 3836 Vinc.
1326 3778 1444 3836 179
1493 3780 1586 3853 qui
1615 3777 1775 3834 fidem
1824 3780 1981 3837 Vinc.
2014 3780 2164 3837 Bell.
2196 3796 2283 3852 sp.
2313 3782 2366 3837 a.
2392 3779 2453 3848 4,
2477 3780 2559 3838 58

428 3864 665 3939 perdidit
700 3866 779 3937 B,
823 3863 1120 3937 perdiderit
1158 3864 1207 3919 T
1371 3863 1446 3919 nil
1487 3871 1620 3937 pote
1664 3865 1979 3922 Erasmus.-
2023 3864 2156 3921 nihil
2199 3872 2385 3940 potest
2412 3862 2565 3921 LEO

266 3952 439 4007 Vinc.
474 3949 609 4005 nihil
649 3950 854 4023 poterit
888 3949 966 4011 T,·
1011 3948 1089 4021 cf.
1124 3967 1174 4005 v.
1211 3948 1286 4005 18
1460 3948 1602 4004 ultra
1635 3967 1740 4005 om.
1774 3951 1859 4014 R‚·
1902 3949 2131 4023 perdere
2159 3949 2300 4005 ultra
2330 3949 2406 4005 nil
2435 3957 2561 4022 pot·

245 4043 347 4091 est
377 4035 654 4092 Pithoeus
699 4051 704 4057 ·
829 4033 952 4091 180
995 4027 1030 4065 *
1062 4034 1221 4089 nimia
1263 4036 1391 4090 coll.
1436 4052 1483 4090 v.
1519 4033 1661 4091 278.
1694 4033 1843 4092 392:
1890 4035 2048 4090 animi
2079 4033 2173 4090 LC
2341 4033 2477 4108 rapit
2513 4034 2561 4087 B

245 4137 384 4177 sec.
427 4139 501 4177 m.
540 4134 669 4190 sup.
715 4135 831 4175 scr.
862 4118 980 4174 FC.-
1037 4119 1178 4192 sapit
1204 4118 1372 4175 PRB
1573 4119 1692 4176 181
1738 4114 1774 4152 *
1805 4120 1946 4176 sicut
1984 4119 2154 4175 anima
2194 4121 2322 4175 coll.
2366 4136 2413 4175 v.
2448 4115 2557 4173 39:

244 4206 514 4261 unanima
545 4203 656 4274 Lo,
693 4210 753 4258 ut
782 4203 954 4258 anima
988 4205 1151 4277 vulyo
1183 4218 1263 4260 ex
1295 4205 1528 4259 Erasmi
1556 4208 1892 4261 coniectura
2061 4201 2189 4258 abiit
2223 4200 2267 4256 C
2292 4207 2346 4259 et
2377 4203 2557 4258 Eras-

238 4305 417 4347 mus.-
461 4287 576 4345 abit
604 4289 676 4359 F,
707 4286 874 4344 habet
901 4288 1067 4345 PRB
1214 4306 1267 4343 n.
1301 4304 1366 4344 eo
1397 4288 1540 4344 redit
1569 4289 1950 4358 Pantbaleon,
1984 4304 2050 4343 eo
2082 4303 2136 4342 n.
2166 4303 2213 4342 r.
2246 4288 2410 4359 vulqo

248 4372 385 4431 182
432 4389 594 4429 nemo
637 4389 767 4445 sup.
801 4389 917 4429 scr.
951 4376 1009 4429 in
1040 4372 1098 4429 B
1127 4389 1241 4429 see.
1274 4390 1344 4428 m.
1519 4389 1810 4447 numquam
1844 4371 1949 4428 BC
2115 4371 2206 4444 qui
2237 4386 2347 4426 non
2376 4370 2562 4444 perdit

237 4461 324 4531 F,
362 4459 467 4515 sed
492 4459 637 4514 idem
658 4465 795 4529 post
828 4476 876 4514 v.
916 4457 1034 4515 193
1066 4462 1271 4514 iterum
1291 4484 1305 4513 .-
1364 4456 1547 4514 Fidem
1578 4474 1737 4514 nemo
1767 4456 1967 4532 perdit,
1999 4454 2105 4513 nisi
2136 4457 2229 4528 qui
2258 4472 2367 4512 non
2399 4453 2561 4512 habet

32 4684 453 5115 L
