3209 5184
632 466 756 532 140
1535 480 1633 528 DE
1678 479 2005 529 uomens.

669 641 768 700 43.
814 635 963 700 Non
1008 635 1136 700 eris
1167 635 1236 698 in
1264 633 1510 721 patria:
1557 634 1772 720 patria
1803 642 1903 698 est
1930 632 2324 721 ubicumque
2355 633 2522 699 bene
2553 642 2671 699 est.
2740 634 2924 700 Illud

822 736 1015 819 enim,
1061 757 1178 824 per
1208 734 1384 822 quod
1411 735 1578 799 bene
1610 744 1730 820 est,
1776 757 1907 801 non
1938 736 2009 800 in
2038 734 2201 817 loco,
2250 735 2365 800 sed
2406 736 2476 799 in
2503 735 2766 801 homine
2798 745 2921 801 est.

669 842 770 901 44.
816 837 997 904 Nihil
1039 859 1345 923 magnum
1393 845 1492 902 est
1534 837 1603 901 in
1644 837 1839 902 rebus
1870 836 2192 918 humanis,
2237 836 2368 902 nisi
2396 837 2651 903 animus
2681 859 2925 923 magna

820 940 1208 1027 despiciens.

665 1048 766 1107 45.
812 1041 1000 1122 Quae
1044 1050 1197 1107 sunt
1238 1041 1562 1105 maximae
1606 1038 1929 1105 divitiae?
1974 1062 2105 1104 non
2148 1039 2521 1106 desiderare
2577 1039 2875 1107 divitias.

675 1150 777 1209 46.
825 1143 988 1225 Quis
1035 1142 1385 1231 plurimum
1429 1140 1675 1206 habet?
1720 1142 1778 1207 is
1825 1143 1937 1228 qui
1980 1142 2320 1207 minimum
2368 1142 2566 1230 cupit.

672 1252 773 1311 47.
822 1245 1004 1326 Quid
1050 1253 1149 1310 est
1191 1244 1581 1309 beneficium
1625 1243 1831 1308 dare?
1876 1242 2068 1308 deum
2115 1245 2380 1309 imitari.

668 1353 771 1414 48.
817 1346 1174 1412 Honestius
1221 1357 1319 1412 est
1365 1367 1513 1411 cum
1554 1343 1953 1412 indicaveris
1997 1366 2251 1430 amare,
2310 1367 2505 1432 quam
2551 1367 2697 1413 cum
2740 1369 2923 1412 ama-

821 1448 996 1513 veris
1041 1448 1355 1514 iudicare.

667 1558 768 1616 49.
816 1550 1158 1616 Dissensio
1202 1550 1285 1614 ab
1330 1547 1461 1615 alio
1506 1550 1803 1637 incipiat,
1848 1570 1888 1612 a
1930 1557 1997 1613 te
2040 1558 2258 1614 autem
2300 1549 2766 1616 reconciliatio.

668 1657 769 1717 50.
817 1652 1136 1717 Succurre
1180 1652 1550 1740 paupertati
1592 1652 1980 1734 amicorum,
2030 1652 2227 1716 immo
2259 1671 2565 1717 succurre
2605 1652 2922 1730 cuiusvis

668 1759 765 1819 51.
813 1754 1081 1819 Amicos
1123 1753 1447 1820 secundae
1477 1775 1579 1817 res
1613 1754 1856 1841 optime
1885 1761 2139 1841 parant,
2184 1752 2501 1818 adversae
2529 1762 2745 1818 autem
2776 1775 2921 1818 cer-

818 1856 1071 1921 tissime
1113 1856 1414 1943 probant.
2140 1841 2146 1848 ’

669 1965 768 2023 52.
815 1957 1049 2022 Peiora
1104 1966 1255 2022 sunt
1308 1966 1482 2022 tecta
1532 1957 1686 2022 odia
1730 1978 1923 2044 quam
1968 1965 2212 2043 aperta.
2307 1957 2540 2045 Itaque
2583 1965 2651 2023 te
2695 1958 2922 2023 minus

812 2059 1059 2146 loquax
1112 2059 1415 2125 inimicus
1464 2058 1733 2123 offendit
1791 2079 1984 2145 quam
2029 2059 2299 2124 tacitus:
2359 2059 2552 2124 huius
2599 2062 2770 2125 enim
2816 2060 2925 2125 ira

816 2182 886 2225 se
931 2160 1239 2244 denudat,
1286 2158 1460 2226 illius
1508 2161 1763 2247 quaerit
1806 2160 1893 2224 ad.
1935 2157 2304 2226 nocendum
2350 2162 2776 2227 occasionem.

669 2269 768 2328 53.
811 2262 984 2328 Mira
1027 2264 1195 2329 ratio
1242 2271 1371 2346 est,
1430 2284 1597 2351 quae
1641 2284 1773 2330 non
1817 2262 1962 2328 vult
2003 2261 2402 2349 praedicari,
2450 2263 2626 2350 quod
2668 2241 2923 2351 gaudet

816 2363 1135 2451 intellegi.

666 2472 767 2532 54.
813 2467 1109 2554 Agnosci
1149 2476 1348 2552 amat,
1394 2467 1506 2554 qui
1550 2466 1728 2555 quod
1770 2466 1909 2552 agit
1952 2464 2259 2534 ostendit.

789 2730 872 2787 43
917 2731 1006 2787 De
1036 2733 1247 2787 remed.
1275 2729 1417 2802 fort.
1450 2730 1522 2801 8,
1553 2729 1613 2786 2.
1704 2729 1974 2787 Incertus
1994 2736 2175 2802 poeta
2206 2747 2303 2803 ap.
2337 2730 2452 2786 Cic.
2495 2727 2665 2787 Tusc.
2702 2727 2774 2803 5,
2808 2729 2918 2802 37,

629 2815 746 2873 108
779 2813 968 2887 (Ribb.
1000 2822 1149 2889 tray.
1179 2833 1242 2885 p.
1276 2813 1418 2886 211)
1462 2813 1691 2909 ‘patria
1699 2822 1814 2908 est,
1857 2814 2182 2889 ubicumque
2225 2822 2309 2870 est
2348 2813 2530 2870 bene'.
2616 2773 2918 2886 Aristoph.

624 2899 974 2957 Plut.1151
1006 2895 1220 2973 πατρίς
1250 2893 1368 2956 ἐστι
1408 2884 1554 2954 πᾶσ’
1609 2884 1691 2954 ἰ”ν
1737 2917 1814 2953 αν
1855 2890 2085 2979 πράττῃ
2116 2916 2203 2967 τις
2236 2915 2317 2953 ευ.
2492 2896 2573 2952 44
2618 2898 2920 2956 Martinus

624 2986 950 3043 Dumiensis
979 2987 1051 3042 de
1076 2983 1336 3059 formula
1366 2985 1642 3042 honestae
1674 2988 1825 3041 vitae
1856 2985 1981 3057 3,1
2020 2983 2185 3040 Nihil
2216 2981 2359 3040 aliud
2391 2999 2459 3038 m.
2491 2983 2547 3039 iu
2577 2999 2619 3040 r.
2647 2983 2698 3039 h.
2720 3001 2774 3039 n.
2801 2986 2919 3040 ani-

624 3087 744 3125 mus
795 3087 988 3144 magna
1037 3066 1365 3144 despiciens’
1372 3110 1385 3124 .
1474 3070 1638 3126 Lact.
1688 3073 1818 3126 inst.
1865 3069 1935 3140 6,
1982 3069 2013 3125 1
2059 3068 2259 3143 ‘Magni
2301 3067 2461 3124 animi
2508 3074 2592 3124 est
2632 3067 2916 3141 despicere

626 3154 914 3211 mortalia’.
1005 3155 1138 3211 Sen.
1186 3160 1351 3226 epist.
1385 3154 1456 3227 8,
1489 3152 1526 3211 5
1573 3152 1843 3228 ‘Cogitate
1888 3153 2020 3209 nihil
2063 3153 2550 3228 praeter-animum
2593 3169 2714 3209 esse
2756 3155 2918 3209 mira-

627 3238 761 3311 bile,
805 3241 890 3295 cui
933 3254 1127 3313 magno
1171 3240 1245 3295 nil
1288 3255 1540 3313 magnum
1583 3237 1710 3294 est'.
1883 3239 1985 3294 nisi
2017 3255 2211 3311 magno
2244 3239 2419 3293 animo
2451 3235 2713 3311 despicias
2745 3242 2918 3313 vulqo

791 3322 873 3380 45
921 3323 1054 3385 Sen.
1088 3327 1248 3396 epist.
1286 3322 1396 3396 14,
1432 3322 1508 3380 17
1556 3323 1627 3378 ‘Is
1661 3324 1884 3378 maxime
1917 3322 2112 3379 divitiis
2145 3322 2376 3393 fruitur,
2409 3323 2502 3394 qui
2535 3323 2748 3378 minime
2779 3323 2916 3379 divi-

623 3409 712 3464 tiis
743 3405 995 3481 indiget’.
1155 3407 1235 3466 46
1283 3407 1408 3465 Inc-
1438 3414 1609 3479 poeta
1642 3426 1736 3479 ap.
1773 3406 1906 3464 Sen.
1942 3412 2105 3480 epist.
2141 3405 2392 3479 108,11
2429 3404 2499 3461 ‘ls
2532 3407 2752 3463 minlmo
2785 3417 2919 3482 eget

624 3492 897 3566 mortalis,
940 3493 1031 3567 qui
1075 3494 1348 3550 minimum
1393 3491 1583 3567 cupit'.
1675 3492 1808 3548 Sen.
1844 3495 2009 3565 epist.
2046 3491 2189 3565 119,
2222 3491 2321 3549 6
2327 3491 2417 3564 qui
2462 3490 2692 3547 multum
2725 3491 2915 3566 habet,

622 3578 742 3652 plus
786 3578 978 3652 cupit'.
1069 3578 1284 3635 Auson.
1333 3576 1452 3635 VII
1476 3576 1613 3649 Sap.
1653 3576 1722 3648 l,
1755 3576 1812 3633 3.
1846 3577 2014 3635 Gaec.
2048 3577 2215 3634 Balb.
2253 3576 2406 3633 Mon.
2443 3575 2556 3671 12,
2593 3576 2631 3634 8
2670 3595 2767 3651 pq.
2805 3577 2913 3649 23,

625 3664 776 3719 Stob.
803 3665 936 3735 flor.
974 3663 1082 3735 17,
1116 3663 1191 3720 31
1226 3656 1552 3736 Σωκράτης
1596 3654 1919 3735 ἐρωτηθεὶς
1959 3648 2081 3719 ὑπό
2108 3678 2269 3730 τινος
2297 3657 2423 3728 πῶς
2452 3677 2529 3715 αν
2558 3653 2791 3736 γένοιτό
2824 3680 2917 3730 τις

622 3736 937 3815 πλούσιοςς
988 3742 1067 3802 Et
1092 3749 1212 3804 τῶν
1254 3741 1613 3821 ἐπιθυμιῶν,
1648 3740 1792 3821 ἔφη,
1835 3740 1931 3819 εἴη
1961 3740 2143 3821 πένης
2314 3744 2394 3802 47
2444 3745 2577 3802 Sen.
2609 3748 2682 3803 de
2712 3737 2911 3821 benef.

623 3831 683 3904 3,
723 3830 824 3904 15,
854 3831 893 3886 4
926 3829 1052 3899 Qui
1080 3831 1170 3888 dat
1199 3831 1480 3905 beneficia,
1512 3832 1645 3888 deos
1677 3832 1955 3889 imitatur.
2129 3831 2209 3889 48
2258 3831 2393 3887 Sen.
2428 3833 2591 3902 epist.
2626 3830 2684 3902 3,
2718 3831 2811 3887 2‘
2817 3835 2914 3906 qui

623 3923 811 3972 contra
853 3923 1137 3991 praecepta
1178 3916 1567 3992 Theophrasti,
1610 3933 1731 3973 cum
1775 3925 2118 3989 amaverunt,
2157 3914 2428 3985 iudicant,
2470 3923 2525 3972 et
2569 3933 2679 3972 non
2710 3927 2914 3990 amant,

624 4018 746 4057 cum
787 4001 1204 4058 iudicaverunt’.
1377 4001 1455 4058 49
1503 4004 1835 4093 Aristippus
1866 4020 1962 4074 ap.
1998 3999 2460 4075 Stob.flor.84,
2496 4000 2602 4058 19.
2647 3994 2915 4075 μέμνησο

622 4104 714 4143 οτι
744 4083 850 4158 τῆς
878 4077 983 4157 μὲν
1020 4075 1372 4154 διαστάσεως
1404 4073 1476 4142 σύ
1507 4074 1696 4159 ἤρξω,
1740 4083 1842 4158 τῆς
1873 4079 1937 4143 δὲ
1968 4076 2284 4153 διαλύσεως
2314 4075 2446 4161 ἐγώ.
2621 4083 2703 4143 50
2744 4088 2913 4144 immo

624 4188 879 4228 succurre
913 4171 1034 4228 GS:
1073 4172 1237 4228 immo
1270 4188 1494 4229 occurre
1527 4174 1723 4246 vulyo,
1766 4171 1935 4231 Prov.
1973 4171 2092 4231 102
2263 4165 2294 4200 *
2325 4171 2561 4227 cuiusvis
2594 4172 2682 4227 vel
2709 4173 2912 4228 cuivis:

625 4257 823 4314 cuiviae
857 4257 924 4330 G,
956 4257 1107 4313 cuive
1140 4258 1197 4328 S,
1231 4276 1337 4315 om.
1373 4260 1529 4315 editt.
1560 4263 1616 4313 et
1646 4256 1820 4315 Prov.
1982 4257 2060 4315 51
2109 4256 2323 4314 Auson.
2373 4255 2492 4313 VII
2517 4255 2657 4328 Sap.
2690 4255 2749 4327 2,
2782 4257 2837 4315 6.
2875 4259 2913 4316 7

793 4340 872 4399 52
919 4335 1133 4419 peiora]
1164 4343 1549 4417 pernictosiora
1584 4341 1638 4397 P
1825 4343 1981 4399 huius
2016 4382 2029 4398 .
2063 4382 2076 4398 .
2112 4382 2126 4397 .
2160 4342 2496 4399 occasionem
2528 4359 2632 4398 om.
2667 4342 2822 4400 editt.
2857 4351 2916 4400 et

626 4428 788 4483 codd.
823 4442 978 4483 rece.
1012 4428 1172 4483 huius
1203 4428 1326 4485 PS:
1370 4429 1521 4485 cuius
1555 4427 1602 4484 G
1776 4426 1854 4483 54
1900 4429 2077 4485 Deest
2106 4429 2255 4484 haec
2287 4430 2568 4483 sententia
2600 4429 2658 4484 in
2690 4430 2815 4485 cod.
2851 4429 2915 4499 S,

624 4515 682 4567 in
714 4529 897 4585 marq.
932 4512 1105 4586 inser.
1141 4531 1293 4570 man.
1327 4529 1443 4571 sec.
1478 4514 1781 4586 adscripta
1815 4519 1898 4570 est
1928 4517 1986 4571 in
2019 4514 2126 4571 Ga.
2174 4512 2426 4588 Agnosce
2454 4519 2593 4568 amat
2624 4512 2770 4586 quod
2802 4530 2914 4571 non
