3209 5184
634 442 753 505 104
1249 458 1558 504 Pussmnn
1606 457 1762 504 st
1810 458 2271 506 SENTENTIAE.

796 609 1139 697 Quidquid
1183 610 1475 674 futurum
1521 619 1619 674 est
1663 632 2003 693 summum,
2050 611 2134 676 ab
2180 612 2330 697 imos
2356 601 2664 677 nascitur.

629 781 635 788 ,
794 710 1008 791 Quam
1053 713 1362 775 miserum
1409 720 1525 793 est,
1574 710 1686 775 ubi
1734 710 2076 777 consilium
2121 734 2275 778 casu
2319 714 2639 778 vincitur!

626 821 749 878 550
795 812 1138 899 Quidquid
1182 812 1444 878 fortuna
1490 821 1783 893 exornat,
1833 813 1960 877 cito
2006 814 2464 878 contemnitur.

793 914 1134 1001 Quidquid
1181 913 1326 1000 plus
1373 936 1566 1000 quam
1611 935 1875 978 necesse
1922 925 2018 979 est
2062 915 2421 1002 possideam,
2469 917 2727 1002 premit.

792 1015 927 1096 Qui
971 1024 1122 1101 pote
1166 1036 1418 1097 nocere,
1464 1016 1733 1080 timetur
1778 1037 1923 1079 cum
1969 1018 2167 1081 etiam
2210 1039 2340 1081 non
2383 1018 2591 1084 adest.

791 1116 1004 1197 Quem
1049 1116 1218 1182 bono
1262 1119 1485 1181 tenere
1528 1138 1659 1180 non
1703 1119 2018 1204 potueris,
2067 1121 2406 1184 contineas
2452 1119 2646 1185 malo.

796 1218 990 1299 Quod
1037 1220 1253 1283 senior
1296 1217 1605 1304 loquitur,
1656 1240 1876 1283 omnes
1925 1218 2269 1285 consilium
2312 1231 2564 1308 putant.
2668 1288 2678 1297 ,

622 1328 744 1386 555
794 1321 1011 1402 Quam
1056 1320 1361 1384 miserum
1406 1329 1526 1402 est,
1572 1320 1689 1384 ubi
1733 1330 1798 1385 te
1844 1330 2128 1408 captant,
2176 1323 2284 1407 qui
2333 1321 2784 1387 defenderint!

792 1420 988 1501 Quod
1033 1423 1309 1508 quisque
1353 1431 1547 1505 amat,
1595 1421 1923 1487 laudando
1971 1422 2378 1489 commendat
2426 1416 2574 1488 sibi.

792 1522 1007 1603 Quem
1051 1522 1312 1608 diligas,
1360 1524 1556 1587 etiam
1602 1524 1788 1610 queri
1834 1522 1915 1586 de
1960 1524 2102 1609 ipso
2147 1524 2391 1590 malum
2437 1535 2555 1591 est.

793 1623 928 1704 Qui
972 1626 1155 1688 venit
1197 1634 1271 1688 ut
1315 1631 1566 1709 noceat,
1615 1647 1869 1712 semper
1914 1625 2264 1691 meditatus
2312 1628 2513 1691 venit.

795 1727 961 1808 Quis
1006 1727 1315 1790 miserum
1361 1728 1578 1809 sciret,
1626 1726 1830 1791 verba
1873 1728 2004 1791 nisi
2047 1726 2317 1792 haberet
2363 1728 2594 1794 dolor‘?

624 1838 748 1897 560
793 1828 1010 1909 Quam
1053 1829 1364 1892 miserum
1407 1837 1523 1907 est,
1573 1850 1719 1892 cum
1751 1851 1820 1892 se
1851 1839 2121 1894 renovat
2155 1841 2608 1918 consumptum
2639 1831 2915 1897 malum!

792 1930 1057 2011 Quanto
1103 1930 1310 1993 serius
1356 1938 1679 2015 peccatur,
1727 1932 1912 1995 tanto
1957 1931 2271 2018 incipitur
2315 1934 2593 2019 turpius.

792 2032 1008 2113 Quam
1051 2032 1250 2094 miser
1293 2040 1412 2113 est,
1461 2032 1572 2117 qui
1620 2052 1931 2097 excusare
1977 2031 2105 2096 sibi
2149 2054 2219 2096 se
2263 2056 2395 2098 non
2435 2035 2679 2120 potest!

792 2132 940 2213 Quo
986 2154 1238 2214 caveaS,
1287 2154 1431 2196 cum
1476 2133 1731 2197 animus
1776 2131 1978 2216 aliud,
2025 2133 2230 2198 verba
2271 2133 2450 2199 aliud
2498 2135 2778 2222 petunt?

794 2233 931 2314 Qui
976 2235 1224 2298 invitus
1271 2235 1497 2317 servit,
1543 2234 1619 2298 fit
1657 2235 1880 2317 miser,
1929 2236 2135 2300 servit
2179 2244 2415 2300 tamen.

629 2343 750 2402 565
799 2335 994 2417 Quod
1041 2344 1139 2400 est
1181 2334 1541 2401 timendum
1592 2334 1858 2424 decipit,
1907 2339 1964 2401 si
2007 2336 2341 2422 neglegas.

793 2436 973 2517 Quid
1019 2436 1144 2500 tibi
1189 2437 1467 2522 pecunia
1512 2446 1725 2524 opust,
1775 2439 1832 2501 si
1878 2459 1953 2501 ea
1998 2441 2094 2503 uti
2138 2462 2267 2504 non
2311 2439 2549 2526 potes?

795 2537 991 2618 Quod
1036 2537 1263 2622 fugere
1308 2536 1559 2622 credas,
1607 2561 1803 2626 saepe
1847 2539 2009 2606 solet
2055 2562 2396 2606 occurrere

795 2638 1115 2718 Quamvis
1162 2639 1456 2723 acerbus,
1507 2641 1620 2727 qui
1665 2650 1903 2724 monet,
1949 2641 2113 2706 nulli
2157 2653 2369 2708 nocet.

634 2949 901 2992 comens
946 2951 997 2990 v.
1033 2932 1398 2991 501—568:
1444 2932 1626 3007 F(T)

626 3121 762 3178 quae
803 3102 930 3158 abiit
970 3121 1016 3158 S.
1052 3120 1106 3158 u.
1141 3104 1341 3159 Bothe.
1434 3103 1522 3175 Cf.
1558 3104 1703 3161 Hor.
1740 3106 1922 3177 Epod.
1959 3104 2029 3177 2,
2067 3106 2138 3174 1;
2185 3109 2255 3163 de
2285 3113 2632 3179 pronomine
2672 3112 2922 3167 relativo

514 3195 525 3202 ‘
626 3190 816 3245 addito
844 3206 938 3262 109.
974 3187 1055 3244 50
1221 3187 1339 3244 551
1389 3183 1424 3221 *
1455 3188 1760 3261 possideas:
1805 3190 2097 3263 possidetis
2128 3192 2201 3263 F,
2235 3195 2383 3248 unde
2417 3194 2580 3251 Grut.
2613 3197 2768 3250 inter
2801 3201 2917 3251 tro-

627 3275 861 3329 chaicos
889 3276 1139 3343 recepit.-
1185 3289 1237 3345 q.
1273 3280 1356 3327 est
1386 3290 1438 3345 p.
1473 3290 1525 3346 q.
1558 3290 1609 3328 n.
1642 3274 1982 3346 possidentes
2015 3275 2284 3349 deprimit.
2378 3277 2465 3350 Cf.
2495 3296 2590 3351 py.
2626 3279 2701 3336 61

627 3356 747 3415 552
797 3355 882 3427 Cf.
918 3375 964 3412 v.
998 3356 1120 3413 476
1335 3365 1464 3430 pote
1503 3358 1768 3431 Inqolst..·
1807 3366 1992 3432 potest
2022 3361 2079 3416 F
2286 3362 2462 3432 adest]
2507 3373 2669 3418 nocet
2702 3364 2924 3421 Gruter
2983 3363 2990 3370 ’

795 3440 916 3498 553
949 3441 1051 3518 'Cfi
1087 3459 1134 3498 v.
1169 3440 1311 3498 357.
1342 3441 1464 3498 495
1512 3449 1565 3498 et
1610 3440 1842 3509 Quintil.
1890 3448 2018 3501 inst.
2064 3463 2148 3501 or.
2198 3444 2309 3516 12,
2344 3447 2401 3518 7,
2434 3447 2502 3504 3:
2550 3444 2665 3520 ‘qui
2708 3450 2924 3505 ratione

630 3526 833 3583 traduci
865 3525 926 3579 ad
965 3525 1182 3581 meliora
1213 3543 1322 3582 non
1353 3534 1616 3601 possunt,
1657 3528 1777 3583 solo
1811 3537 1959 3584 metu
1989 3530 2359 3586 continentur’
2554 3532 2698 3588 hunc
2732 3541 2917 3590 [eneas

626 3612 838 3667 Gruter
1015 3609 1133 3668 555
1184 3610 1269 3683 Cf.
1303 3630 1353 3667 v.
1387 3611 1509 3669 526
1666 3620 1882 3687 captant
1914 3614 2156 3671 Gruter:
2200 3616 2409 3690 capiant
2447 3618 2510 3685 F,
2546 3635 2622 3674 an
2654 3619 2913 3692 capiunt?

625 3689 992 3753 indicativum
1035 3702 1271 3752 tuentur
1301 3716 1350 3753 v.
1384 3696 1526 3757 526.
1560 3696 1702 3754 549.
1736 3698 1860 3756 560
2060 3698 2398 3756 defenderint
2429 3701 2690 3774 Inqolst..·
2730 3702 2921 3759 desen-

625 3796 857 3858 dert,F,·
900 3783 1256 3852 defenderent
1297 3797 1363 3853 G.
1404 3798 1643 3871 Meyer,
1690 3816 1828 3873 quos
1869 3798 2174 3857 defenderis
2218 3803 2405 3858 Bothe
2605 3803 2725 3860 557
2774 3804 2921 3860 dele-

628 3880 789 3954 gisti,
833 3881 985 3954 queri
1031 3881 1189 3935 etiam
1221 3880 1288 3936 de
1318 3881 1410 3937 illo
1446 3884 1633 3942 Bothe
1805 3884 1925 3942 559
1972 3886 2075 3940 nisi
2107 3886 2185 3940 F.-
2229 3888 2277 3941 si
2306 3903 2416 3944 non
2452 3887 2659 3961 Orelli,
2709 3896 2917 3945 contra

625 3973 864 4022 metrum
1047 3962 1170 4021 560
1217 3965 1304 4036 Cf.
1350 3985 1398 4023 v.
1433 3966 1555 4023 497
1762 3967 1881 4026 561
1929 3970 2184 4043 incipitur
2228 3972 2435 4044 turpius
2471 3973 2724 4029 Gruter.-
2768 3981 2921 4048 turp.

623 4052 728 4106 inc.
760 4051 841 4114 F;
889 4049 970 4121 cf.
1005 4049 1138 4109 Sen.
1191 4053 1355 4121 epist.
1392 4050 1490 4120 13,
1529 4051 1602 4107 17
1673 4123 1682 4126 -
1819 4053 1941 4111 563
1987 4052 2023 4087 *
2055 4071 2163 4128 quo
2196 4072 2405 4111 caveas:
2462 4074 2570 4130 quo
2614 4059 2917 4130 cavetisF,

627 4151 736 4208 quo
768 4141 919 4190 cavet
950 4133 993 4188 is
1026 4136 1211 4207 maye,
1245 4151 1354 4207 quo
1385 4143 1532 4192 caret
1562 4137 1606 4191 is
1649 4137 2020 4210 Ribbeekiu8‚
2055 4140 2147 4213 qui
2177 4142 2379 4196 caveris
2412 4147 2558 4199 coni.
2598 4142 2779 4199 Orelli
2809 4146 2914 4201 ad·

627 4226 894 4275 versante
936 4226 1146 4290 metro,
1191 4221 1282 4293 qui
1313 4237 1495 4277 caveas
1528 4222 1713 4278 Bothe
1913 4223 2054 4279 aliud
2097 4226 2304 4280 animus
2336 4226 2555 4291 Bothe,·
2598 4228 2676 4299 cf.
2710 4246 2759 4283 υ.
2793 4227 2920 4287 216

836 4312 891 4359 et
919 4306 1086 4359 servit
1114 4305 1463 4362 Ribbeekius
1688 4305 1811 4364 566
1859 4324 1994 4382 opus
2026 4317 2109 4366 est
2138 4310 2196 4365 F
2403 4312 2449 4367 si
2479 4328 2538 4367 ea
2569 4313 2625 4367 F
2632 4336 2651 4375 ;
2693 4313 2741 4367 si
2772 4314 2914 4370 Rib-

628 4389 893 4458 bachius,
953 4389 999 4443 si
1042 4404 1102 4444 ea
1142 4393 1344 4446 omisso
1385 4398 1470 4446 est
1510 4392 1756 4448 Bothius
1962 4393 2083 4450 567
2133 4393 2222 4466 Cf.
2264 4395 2381 4452 Liv.
2427 4396 2499 4466 8,
2533 4395 2642 4466 24,
2676 4395 2715 4452 4

627 4473 747 4530 568
794 4471 1017 4528 acerbus
1048 4473 1310 4547 Inqolst..·
1340 4491 1416 4531 ac.
1449 4484 1533 4532 est
1564 4476 1646 4540 F,·
1690 4476 1772 4548 cf.
1807 4496 1855 4533 v.
1892 4477 2033 4534 255.
2071 4476 2189 4535 501
