3209 5184
669 433 791 498 128
1469 445 1907 496 senmurum
1953 445 2174 495 FALso

835 600 946 667 Nil
987 598 1255 690 prodest
1298 599 1634 685 didicisse,
1681 601 1739 665 si
1783 621 1995 679 cessas
2039 598 2208 664 bene
2251 598 2487 663 facere.

670 710 798 770 230
839 702 953 768 Nil
994 703 1270 769 rationis
1318 711 1437 786 est,
1482 702 1600 767 ubi
1643 723 1747 767 res
1792 701 1992 767 semel
2033 703 2104 767 in
2145 701 2448 767 affectum
2492 703 2694 767 venit.

838 803 951 870 Nil
994 806 1250 894 turpius
1297 826 1490 891 quam
1534 806 1764 870 vivere
1806 804 2126 892 incipiens
2172 815 2397 869 senex.

835 906 1129 971 Nimium
1174 905 1502 970 tendendo
1546 906 1764 993 rumpi
1807 904 2136 971 funiculus
2181 904 2365 970 solet.

836 1007 1099 1074 Nobilis
1143 1007 1465 1095 professio
1510 1008 1832 1096 sapientia
1878 1017 2014 1074 est:
2075 1029 2241 1094 quae
2285 1006 2641 1074 distributa
2684 1008 2980 1097 suscipit

1246 1110 1736 1191 incrementum,
1783 1131 2057 1174 avarum
2100 1108 2456 1195 dedignata
2496 1131 2977 1197 possessorem.

842 1212 1099 1277 Nocens
1146 1212 1292 1299 quis
1338 1210 1514 1276 illico
1559 1211 1656 1296 fit,
1704 1210 2071 1276 succumbit
2115 1220 2188 1276 ut
2229 1210 2416 1276 fides.

674 1321 795 1380 235
839 1314 988 1380 Non
1030 1313 1159 1379 alia
1200 1312 1403 1378 facies
1448 1323 1548 1378 est
1591 1313 1800 1400 quieti
1826 1311 2276 1399 moderatique
2304 1313 2591 1401 imperii,
2636 1334 2828 1400 quam
2862 1335 2976 1379 se-

1252 1415 1394 1479 reni
1439 1413 1604 1478 caeli
1651 1424 1715 1479 et
1758 1416 2050 1481 nitentis.

844 1518 993 1583 Non
1035 1518 1290 1583 animus
1335 1515 1638 1600 hominiS,
1686 1516 1803 1582 sed
1847 1517 2021 1581 facta
2065 1525 2437 1582 cernuntur.

837 1617 1144 1686 Nondum
1188 1618 1354 1684 felix
1399 1639 1491 1702 εει,
1538 1619 1596 1683 si
1639 1618 1927 1684 nondum
1971 1617 2163 1684 turba
2205 1626 2272 1683 te
2316 1616 2639 1685 deriserit.

842 1721 992 1786 Non
1035 1741 1228 1807 egere
1272 1719 1591 1785 felicitate
1634 1718 1917 1785 felicitas
1965 1728 2083 1785 est.

846 1822 994 1887 Non
1041 1831 1141 1888 est
1182 1821 1436 1905 beatus,
1482 1822 1627 1909 ipse
1673 1822 1784 1909 qui
1827 1843 1897 1886 se
1941 1823 2212 1887 nesciat.

681 1929 805 1990 240
847 1924 996 1989 Non
1042 1933 1139 1989 est
1181 1922 1443 1989 bonitas
1491 1946 1634 1989 esse
1678 1922 2011 1989 meliorem
2055 1925 2357 2011 pessimo.

840 2026 992 2092 Non
1052 2034 1150 2091 est
1203 2024 1486 2090 hominis
1542 2026 1750 2090 maior
1803 2024 2080 2090 stultitia
2135 2046 2326 2112 quam
2373 2033 2603 2110 putare
2646 2048 2717 2090 se
2757 2029 2990 2092 amari

1256 2127 1342 2191 ab
1386 2126 1512 2209 his,
1560 2150 1723 2214 quos
1768 2128 1911 2214 ipse
1954 2149 2084 2192 non
2129 2126 2382 2212 diligat.

842 2229 990 2295 Non
1036 2238 1134 2298 est
1177 2227 1508 2315 pusillum,
1555 2229 1614 2294 si
1660 2227 1818 2315 quid
1861 2229 2146 2295 maximo
2193 2238 2293 2293 est
2334 2229 2570 2294 minus.

841 2331 992 2395 Non
1035 2339 1133 2395 est
1177 2339 1383 2414 tuum,
1429 2329 1695 2395 fortuna
1739 2330 1912 2417 quod
1955 2331 2115 2395 fecit
2157 2340 2361 2396 tuum.

839 2431 988 2497 Non
1029 2431 1159 2497 fert
1201 2429 1405 2497 ullum
1448 2432 1652 2498 ictum
1697 2431 1926 2497 illaesa
1968 2431 2275 2498 felicitas.

673 2539 794 2598 245
839 2533 988 2600 Non
1031 2534 1245 2600 minus
1290 2533 1478 2618 latro,
1525 2536 1709 2599 cuius
1755 2534 1958 2600 telum
2003 2534 2301 2622 opposita
2342 2543 2529 2599 veste
2559 2533 2808 2599 elusum
2842 2545 2984 2603 est.

842 2634 991 2701 Non
1049 2634 1324 2701 multum
1383 2657 1580 2724 supra
1634 2657 1781 2703 eum
1827 2638 2066 2702 eminet
2112 2636 2288 2722 quis,
2348 2636 2454 2700 cui
2496 2656 2568 2700 se
2625 2636 2987 2704 irascendo
3049 2649 3056 2656 ’

1894 2745 2234 2825 exaequat.

844 2839 994 2904 Non
1038 2841 1215 2905 omni
1260 2840 1538 2904 eundem
1583 2839 1869 2906 calceum
1913 2840 2184 2906 induces
2228 2840 2403 2928 pedi.
2543 2896 2580 2908 ,.

845 2941 1005 3013 Non.
1040 2963 1233 3029 quam
1277 2940 1415 3026 diu,
1461 2941 1581 3007 sed
1627 2966 1820 3030 quam
1863 2943 2032 3009 bene
2077 2943 2289 3026 vivas,
2336 2942 2573 3027 cogita.

848 3043 998 3109 Non
1043 3045 1155 3131 qui
1197 3045 1413 3110 iussus
1458 3043 1747 3132 aliquod,
1794 3044 1911 3111 sed
1955 3045 2067 3132 qui
2108 3045 2358 3110 invitus
2390 3042 2571 3128 facit,
2616 3043 2814 3107 miser
2843 3053 2983 3111 est.

684 3150 810 3212 250
851 3144 1002 3210 Non
1045 3145 1519 3231 vindicandum
1562 3145 1826 3229 scelere,
1873 3148 1930 3212 si
1974 3148 2207 3234 possis,
2253 3146 2487 3212 scelus,

852 3246 1053 3312 Nulla
1093 3269 1198 3314 res
1242 3250 1452 3335 magis
1496 3248 1617 3315 alit
1658 3247 2085 3335 iracundiam,
2132 3271 2325 3337 quam
2367 3248 2649 3313 luxuria.

844 3543 966 3603 229
1010 3544 1118 3603 Ρη.
1152 3543 1230 3601 Cf.
1263 3561 1431 3619 supra
1459 3562 1554 3620 pg.
1592 3544 1695 3617 91,
1727 3544 1762 3602 9
1881 3543 2006 3601 230
2038 3544 2137 3601 Gr.
2171 3560 2252 3601 ex.
2285 3543 2406 3601 cod.
2434 3542 2601 3600 Palat.
2633 3543 2756 3602 Seu.
2788 3542 2856 3601 de
2889 3546 2980 3603 ira

676 3631 734 3703 1,
769 3629 829 3702 8,
863 3630 896 3687 1
1043 3628 1162 3687 231
1210 3630 1307 3687 Ps.
1341 3628 1462 3686 Sen.
1498 3631 1656 3705 epist.
1690 3628 1791 3701 13,
1827 3628 1902 3686 17
2039 3628 2161 3687 232
2207 3629 2315 3687 Bo.
2347 3627 2421 3684 Ex
2450 3627 2735 3704 proverbio
2767 3645 2979 3704 graeco

672 3712 876 3770 Erasmi
907 3714 1079 3790 Adag.
1115 3715 1172 3786 1,
1204 3712 1265 3787 5,
1296 3713 1378 3771 47
1552 3713 1675 3772 233
1724 3713 1825 3771 Go.
1987 3712 2110 3772 234
2145 3713 2241 3771 Gr
2271 3712 2325 3769 2.
2359 3711 2514 3771 Caec.
2547 3712 2689 3770 Balb.
2721 3713 2867 3770 Mon.
2901 3713 2976 3787 4,

674 3797 734 3872 3,
766 3816 859 3873 pg.
896 3798 974 3854 21
1171 3798 1294 3856 235
1342 3798 1445 3857 Go.
1478 3798 1601 3855 Seu.
1636 3798 1703 3855 de
1733 3799 1889 3855 clem.
1925 3798 1982 3871 1,
2018 3798 2076 3872 7,
2109 3797 2145 3854 2
2345 3799 2466 3856 236
2511 3799 2620 3855 Ρη.
2651 3797 2725 3854 De
2754 3814 2893 3860 mor.
2928 3800 2979 3857 3

829 3881 951 3940 237
995 3883 1107 3940 Ρη.
1140 3883 1213 3939 De
1242 3900 1376 3940 mor.
1412 3882 1490 3941 23
1638 3883 1760 3942 238
1806 3884 1880 3940 R.
1916 3881 2035 3941 Sen.
2072 3881 2140 3940 de
2170 3882 2381 3959 provid.
2418 3884 2478 3957 6,
2508 3882 2546 3942 5
2694 3881 2813 3941 239
2860 3882 2970 3941 Ps.

670 3967 838 4025 Poeta
867 3984 1006 4025 com.
1041 3984 1125 4042 ap.
1157 3966 1283 4025 Seu.
1314 3969 1472 4042 epist.
1507 3967 1565 4040 9,
1599 3967 1677 4025 21
1712 3984 1838 4026 esse
1869 3985 1931 4027 se
1961 3972 2062 4043 qui
2088 3986 2200 4027 non
2221 3974 2398 4041 putat
2542 3966 2668 4028 240
2710 3967 2806 4025 Ps.
2838 3966 2980 4028 Seu.

675 4054 833 4127 epist.
871 4052 973 4125 79,
1008 4052 1083 4109 11
1260 4050 1381 4109 241
1431 4052 1495 4121 Q.
1582 4045 1595 4056 “
1692 4052 1813 4110 242
1859 4053 1956 4111 Ρε.
1988 4052 2115 4111 Seu.
2146 4055 2306 4128 epist.
2342 4052 2484 4127 100,
2518 4052 2553 4110 9
2727 4050 2849 4110 243
2897 4054 2979 4111 F.

670 4135 910 4194 Lucilius
952 4154 1035 4211 ap.
1083 4136 1206 4194 Seu.
1253 4137 1411 4211 epist.
1441 4136 1514 4209 8,
1551 4137 1631 4195 10
1814 4136 1935 4194 244
1981 4139 2055 4196 R.
2088 4139 2181 4213 qui
2223 4155 2326 4195 scr.
2358 4139 2567 4195 hilaris
2600 4138 2704 4212 fel.
2737 4136 2866 4195 Sen.
2900 4138 2982 4197 de

672 4222 883 4298 provid.
917 4220 987 4295 2,
1022 4223 1057 4281 6
1260 4221 1382 4279 245
1427 4222 1501 4279 R.
1537 4224 1633 4296 qui
1672 4239 1779 4280 scr.
1828 4227 1997 4281 cuius
2036 4225 2229 4281 scelus
2271 4242 2319 4281 v.
2363 4225 2674 4280 clauditur.
2733 4222 2860 4281 Sen.
2900 4223 2982 4282 de

675 4316 849 4364 const.
883 4324 994 4382 sap.
1030 4307 1090 4379 7,
1120 4305 1160 4363 4
1292 4305 1413 4365 246
1462 4306 1563 4364 Go.
1597 4307 1724 4364 Seu.
1757 4308 1825 4364 de
1855 4308 2010 4365 clem.
2048 4310 2106 4381 1,
2140 4308 2198 4380 5,
2234 4308 2270 4366 6
2400 4307 2521 4365 247
2567 4307 2674 4366 Βο.
2703 4306 2976 4367 Proverb.

675 4408 925 4466 graecum
958 4409 1040 4467 ap.
1074 4390 1276 4448 Erasm.
1308 4391 1475 4467 Adag.
1507 4390 1569 4465 4,
1602 4390 1665 4464 4,
1697 4392 1776 4451 56
1962 4386 2083 4451 248
2128 4393 2197 4450 F.
2230 4392 2353 4451 Sen.
2385 4393 2545 4468 epist.
2578 4391 2680 4466 22,
2717 4393 2792 4450 17

674 4475 794 4533 249
843 4477 910 4545 Q.
1085 4475 1212 4536 250
1255 4478 1320 4534 F.
1354 4476 1424 4535 De
1454 4494 1590 4542 mor.
1628 4477 1746 4536 139
1922 4477 2040 4536 251
2090 4479 2163 4535 R.
2196 4476 2319 4536 Sen.
2351 4477 2419 4535 de
2446 4478 2524 4534 ira
2556 4476 2616 4551 2,
2649 4476 2752 4551 25,
2779 4475 2821 4534 4
