3209 5184
931 436 1241 483 Pnssan
1287 436 1444 485 siml
1491 436 1950 484 semem-un.
2502 421 2581 485 67

463 592 756 656 Avarum
798 586 993 652 facile
1037 590 1279 675 capias,
1326 588 1441 653 ubi
1484 611 1616 653 non
1659 589 1749 652 sis
1791 589 1968 653 item.

465 692 708 756 Amare
756 699 820 754 et
865 711 1089 777 sapere
1133 691 1253 753 vix
1297 689 1418 755 deo
1464 690 1898 770 conceditur.-

463 793 726 857 Avarus
768 792 900 855 nisi
944 813 1091 856 cum
1135 793 1428 874 moritur,
1474 790 1569 854 nil
1613 800 1789 856 recte
1832 791 2012 856 facit.

463 897 669 958 Astus
715 893 1058 958 cinaedum
1103 891 1292 974 celat,
1336 902 1515 958 aetas
1559 892 1829 957 indicat.

332 1002 419 1059 25
461 995 728 1059 Avarus
774 994 1009 1059 damno
1053 995 1269 1081 potius
1314 1017 1511 1080 quam
1554 995 1816 1081 sapiens
1864 993 2060 1060 dolet.

462 1097 687 1161 Avaro
736 1096 894 1183 quid
937 1095 1092 1160 mali
1136 1105 1320 1182 optes
1365 1096 1498 1160 nisi
1539 1095 1747 1161 Vivat
1791 1096 1953 1161 diu?

462 1199 705 1263 Animo
754 1196 1003 1264 dolenti
1046 1194 1143 1261 nil
1186 1205 1441 1284 oportet
1484 1196 1771 1263 credere.

461 1298 702 1364 Aliena
747 1298 958 1382 nobie,
1003 1308 1225 1364 nostra
1268 1298 1414 1387 plus
1457 1298 1606 1363 aliis
1652 1296 1932 1386 placent.

462 1401 708 1465 Amare
753 1402 976 1466 iuveni
1019 1400 1272 1465 fructus
1318 1410 1438 1483 est,
1485 1401 1733 1465 crimen
1776 1402 1936 1466 seni.

330 1512 419 1567 30
463 1502 651 1567 Anus
699 1518 848 1566 cum
891 1501 1082 1583 ludit,
1126 1503 1320 1567 morti
1363 1501 1633 1567 delicias
1677 1502 1858 1568 facit.

475 1606 735 1669 Amoris
781 1603 1017 1667 vulnus
1061 1602 1256 1686 idem,
1302 1606 1417 1690 qui
1461 1613 1670 1685 sanat,
1715 1604 1895 1670 facit.

464 1705 574 1770 Ad
618 1704 1082 1793 paenitendum
1126 1715 1431 1792 properat
1475 1706 1605 1771 cito
1652 1708 1766 1793 qui
1808 1706 2078 1771 iudicat.

464 1805 751 1872 'Aleator
795 1809 1036 1894 quanto
1082 1809 1152 1871 in
1193 1816 1333 1872 arte
1378 1816 1476 1871 est
1518 1806 1769 1891 melior,
1814 1818 1996 1874 tanto
2043 1818 2141 1873 est
2181 1808 2477 1895 nequior.

287 1984 569 2028 comens
616 1986 662 2024 v.
697 1968 928 2025 1—34:
976 1967 1439 2041 PRBFVOEC).

284 2094 448 2161 parte
491 2103 576 2159 sp.
610 2093 731 2142 nat.
765 2086 878 2159 31,
913 2086 1032 2142 115
1206 2086 1421 2162 quantlo
1459 2095 1545 2143 est
1603 2088 1761 2144 Vinc.
1804 2105 1892 2159 sp.
1942 2089 1997 2143 d.
2031 2087 2102 2158 5,
2137 2088 2217 2144 10
2389 2087 2585 2144 mulier

286 2179 432 2229 ante
467 2168 608 2226 bona
637 2171 692 2225 Β
862 2180 989 2227 tunc
1036 2171 1194 2228 Vinc.
1368 2179 1553 2227 tenum
1585 2172 1641 2228 R
1813 2165 1925 2248 est]
1968 2170 2028 2227 fit
2076 2172 2232 2228 Vinc.
2265 2187 2352 2243 sp.
2386 2189 2444 2227 n.
2481 2171 2583 2243 31,

288 2256 440 2326 115,
472 2256 577 2311 erit
605 2258 680 2311 id.
715 2273 804 2328 sp.
836 2258 891 2312 d.
925 2255 986 2328 5,
1020 2256 1101 2312 10
1301 2255 1374 2311 21
1426 2276 1477 2313 v.
1513 2256 1591 2312 22
1626 2263 1681 2312 et
1720 2261 1778 2312 in
1808 2257 1956 2313 PaR
1988 2263 2124 2313 ante
2156 2275 2206 2313 v.
2244 2255 2355 2325 19,
2388 2255 2471 2312 20
2499 2258 2581 2312 le·

283 2347 513 2416 ρωπίαν
708 2341 890 2414 cupias
922 2337 1086 2397 FVC
1275 2348 1333 2396 ut
1363 2359 1473 2397 non
1503 2342 1589 2398 Pb
1782 2343 1910 2397 item
1943 2341 2130 2398 Bothe
2153 2359 2167 2395 ε
2191 2340 2332 2397 idem
2364 2341 2410 2396 L

288 2425 375 2482 22
427 2423 518 2497 Cf.
550 2444 602 2481 v.
639 2426 755 2481 117
916 2434 971 2480 et
1001 2444 1107 2482 om.
1158 2427 1202 2481 V
1349 2425 1452 2482 (leo
1486 2428 1771 2482 Erasmus
1797 2445 1810 2480 ε
1837 2424 1972 2482 adeo
2004 2429 2092 2483 vel
2120 2443 2148 2481 a
2179 2424 2282 2482 deo
2313 2424 2409 2481 LO
2424 2426 2582 2483 Vinc.

289 2513 450 2568 Bell.
496 2526 585 2582 sp,
625 2513 680 2565 d.
723 2509 796 2582 4,
845 2511 979 2567 109.
1030 2510 1169 2566 121.
1215 2510 1293 2565 Cf.
1336 2512 1437 2566 Cic.
1484 2520 1617 2567 orat.
1664 2511 1737 2581 5,
1785 2512 1879 2583 18.
2056 2510 2135 2568 23
2181 2509 2256 2566 nil
2315 2510 2580 2568 VCVinc.

291 2597 448 2653 Bell.
493 2611 581 2666 sp.
622 2597 677 2651 d.
720 2594 796 2665 4,
832 2594 983 2667 144,
1028 2597 1355 2652 Erasmus:
1388 2596 1519 2651 nihil
1560 2595 1883 2652 PRBFEC
2050 2603 2257 2652 rectum
2300 2595 2355 2650 B
2395 2612 2581 2668 supra

290 2698 416 2738 scr.
452 2696 574 2736 rec.
605 2698 678 2737 m.
851 2679 930 2735 24
975 2673 1011 2711 *
1040 2688 1188 2735 astus
1218 2700 1232 2734 ι
1267 2687 1419 2736 actus
1451 2682 1523 2752 C,
1555 2687 1758 2737 aestate
1789 2681 2017 2746 PbRB‚
2049 2687 2307 2736 aestatem
2338 2681 2426 2737 Pa
2459 2683 2585 2738 cod.

292 2767 481 2823 Bern.
512 2772 690 2821 astute
720 2765 882 2823 FVC
908 2768 1031 2822 cod.
1064 2766 1373 2838 Bambery.
1405 2773 1551 2821 aetas
1582 2766 1875 2822 Pithoeus.
2043 2763 2292 2821 cinedum
2323 2766 2399 2835 B,
2431 2766 2580 2823 cinae

289 2851 422 2906 dum
463 2849 638 2914 Phil,
685 2866 846 2905 cenae
887 2849 1015 2906 dum
1056 2851 1174 2913 Pa,
1217 2866 1384 2924 cynae
1424 2850 1552 2905 dum
1594 2867 1749 2908 corr.
1792 2869 1886 2922 pr.
1931 2869 2004 2906 m.
2049 2851 2226 2905 crines
2266 2849 2394 2904 dum
2426 2851 2484 2904 F
2497 2849 2590 2907 VC

293 2936 502 2991 Bamb.
535 2941 591 2991 et
629 2936 805 3011 iidem,
836 2934 1081 2990 celantur
1117 2942 1263 2990 aetas
1304 2934 1587 2991 indicatur.
1675 2938 1868 2992 Astute
1911 2934 2039 2990 dum
2068 2922 2308 3004 celatur,
2350 2950 2410 2988 se
2441 2942 2584 2990 aetas

291 3019 495 3077 indicat
535 3021 822 3076 Erasmus
991 3018 1071 3075 26
1117 3018 1262 3094 quod
1305 3021 1363 3074 F
1528 3020 1630 3075 nisi
1684 3023 1806 3077 cod.
1853 3020 2108 3077 Gaianas
2147 3019 2399 3074 Bentleii
2409 3042 2426 3073 .·
2479 3019 2582 3073 nisi

294 3114 361 3160 ut
389 3104 538 3160 LEC
582 3105 742 3160 Vinc.
777 3105 925 3161 Bell.
955 3120 1044 3177 sp.
1076 3106 1129 3162 d.
1161 3103 1234 3175 4,
1270 3104 1425 3173 144,
1471 3112 1532 3160 ut
1574 3102 1728 3162 ‘vett
1762 3104 1884 3161 libri
1914 3103 2146 3177 aliquot'
2178 3103 2419 3160 Gruteri

294 3191 434 3245 vivas
466 3190 771 3245 Bentleius
926 3189 1004 3245 27
1051 3190 1124 3245 nil
1161 3189 1216 3244 B
1244 3190 1324 3261 (in
1355 3207 1467 3263 quo
1500 3208 1548 3246 v.
1585 3190 1682 3246 25.
1719 3190 1816 3245 27.
1849 3189 1926 3245 31
1962 3204 2078 3244 sec.
2109 3207 2184 3244 m.
2216 3189 2399 3245 additi
2422 3186 2577 3263 sunl)

295 3276 616 3331 Erasmus:
672 3274 809 3329 nihil
848 3274 1294 3331 PRFVCVinc.
1337 3275 1485 3330 Bell.
1529 3278 1711 3347 spsd.
1754 3273 1826 3344 4,
1865 3273 2010 3334 112;
2060 3273 2150 3346 Cf.
2185 3291 2286 3347 pq.
2332 3271 2412 3329 56

292 3358 439 3415 credi
476 3360 539 3416 B
584 3375 707 3415 ree.
751 3378 823 3415 m.
871 3358 1082 3415 credier
1123 3358 1295 3432 Casp.
1355 3360 1622 3416 Orellius.
1685 3360 1773 3432 Cf.
1813 3377 1910 3432 pq.
1942 3358 2021 3414 58
2238 3357 2318 3414 28
2375 3375 2463 3415 om
2519 3358 2581 3414 V.

296 3444 612 3501 Salvianus
640 3446 711 3500 de
737 3445 973 3517 yubern.
1006 3446 1102 3500 dei
1132 3445 1186 3509 1,
1224 3446 1304 3501 10
1344 3440 1431 3499 ‘ut
1459 3446 1532 3500 nit
1561 3444 1681 3499 illc:
1723 3444 1908 3500 Aliena
1939 3443 2066 3498 etc!
2125 3443 2351 3499 Seneca
2390 3443 2462 3497 de
2489 3445 2581 3497 ira

294 3528 370 3599 3,
400 3528 515 3600 31,
552 3530 584 3584 1
629 3526 796 3584 ‘Nulli
838 3527 902 3583 ad
945 3528 1111 3584 aliena
1154 3529 1465 3603 respicienti
1508 3546 1601 3583 sua
1644 3528 1900 3603 placent'.
1989 3527 2173 3582 Aliena
2205 3567 2218 3581 .
2251 3567 2267 3581 .
2298 3533 2483 3583 nostra
2517 3568 2530 3580 .
2567 3568 2580 3581 .

292 3613 510 3686 placent
564 3613 903 3677 Salvianus,
958 3614 1300 3671 Fabricius:
1367 3614 1599 3669 alienum
1635 3656 1648 3668 .
1680 3654 1694 3667 .
1727 3621 1974 3669 nostrum
2007 3654 2022 3667 .
2059 3652 2072 3664 .
2103 3610 2281 3685 placet
2321 3611 2588 3668 PRBFC

293 3699 611 3768 Erasmus,
655 3698 887 3754 alienum
928 3697 1087 3753 nobis
1120 3699 1244 3772 plus
1286 3698 1401 3755 aliis
1442 3698 1677 3773 placabis
1735 3699 1893 3755 Vinc.
1925 3697 2072 3754 Bell.
2114 3712 2200 3768 sp.
2245 3698 2299 3752 d.
2330 3694 2405 3766 4,
2441 3696 2580 3753 119.

465 3783 548 3842 30
591 3784 866 3840 ECVinc.
911 3785 1063 3839 Bell.
1106 3800 1197 3855 sp.
1238 3786 1290 3840 d.
1336 3784 1407 3855 5,
1445 3785 1538 3841 10.
1576 3783 1686 3854 14,
1728 3800 1819 3854 sp.
1866 3790 1987 3839 nat.
2017 3779 2317 3853 31‚‘115;
2364 3800 2472 3839 om.
2521 3782 2581 3838 V.

462 3868 541 3925 31
589 3876 742 3923 sanat
786 3867 928 3923 idem
992 3868 1083 3942 qni
1151 3868 1278 3925 facit
1330 3869 1658 3938 Bentleiuse,
1724 3884 1797 3925 ne
1847 3873 1921 3925 sil
1972 3859 2221 3941 ὕστερον
2271 3858 2582 3941 πρότερον,

292 3952 433 4010 idem
465 3960 617 4008 sanat
646 3954 740 4026 qui
780 3952 909 4008 facit
938 3953 1222 4023 Ribbeck,
1263 3952 1406 4008 idem
1448 3953 1538 4027 qui
1582 3953 1711 4010 l'acit
1750 3962 1905 4009 sanat
1934 3954 2124 4010 codex
2154 3952 2579 4024 Gryphisnaeald.

464 4037 545 4095 32
588 4044 851 4112 provocat
878 4038 965 4094 Pb
1145 4037 1373 4093 vindicat
1406 4039 1475 4108 C,
1522 4039 1603 4111 cf.
1635 4038 1776 4096 254.
1957 4036 2038 4094 33
2084 4043 2286 4110 quanto
2315 4036 2442 4093 Ιοα.
2473 4036 2581 4091 Sa-

296 4125 679 4181 resberiensis
706 4123 929 4179 Polior.
962 4123 1033 4192 8,
1066 4124 1135 4194 6,
1168 4123 1237 4192 C,
1274 4124 1590 4180 Erasmus.-
1634 4130 1898 4197 quantum
1927 4122 2057 4189 LE,
2091 4120 2171 4193 cf.
2207 4139 2256 4176 v.
2288 4119 2411 4176 578

294 4208 484 4264 melior
516 4209 571 4264 B
606 4226 785 4264 manu
825 4224 941 4264 sec.
985 4224 1173 4280 supra
1217 4224 1334 4264 scr.
1373 4210 1689 4265 Erasmus:
1734 4206 1950 4264 doctior
1989 4207 2114 4262 Ιοα.
2146 4205 2381 4267 Saresb.
2426 4203 2578 4259 ‘msa

295 4293 433 4350 sere'
469 4295 719 4362 Gruter-i,
752 4292 938 4348 dotior
953 4293 1013 4363 C,
1039 4311 1143 4349 om.
1168 4293 1336 4349 PRF'
1349 4294 1453 4350 VE
1561 4286 1744 4368 tanto]
1779 4295 1975 4348 ultima
2002 4294 2198 4347 littera
2223 4306 2256 4343 ο
2279 4292 2338 4343 in
2358 4305 2578 4345 rasura

294 4380 378 4449 B,
423 4387 570 4435 tante
596 4379 684 4435 Pb
858 4386 943 4433 est
982 4378 1147 4435 PRF
1162 4379 1334 4435 VEC:
1377 4381 1435 4434 in
1466 4396 1687 4434 rasura
1728 4377 1811 4445 B,
1855 4394 1960 4432 om.
2001 4375 2128 4431 Ioa.
2163 4374 2398 4430 Saresb.

294 4465 567 4539 nequitior
594 4463 642 4521 C

2105 4559 2176 4608 50
