3209 5184
659 429 771 494 108
1269 445 1580 493 PUBLILII
1628 444 1780 492 SYRI
1830 441 2289 493 SENTENTIAE.

646 585 768 663 5ss
816 597 979 685 Spes
1021 606 1122 661 est
1164 596 1414 680 salutis,
1461 597 1575 662 ubi
1618 596 1946 662 hominem
1992 596 2295 680 obiurg'at
2338 594 2569 683 pudor.

817 699 1106 767 Suadere
1150 700 1452 787 primum,
1496 699 1651 763 dein
1695 699 2021 784 corrigere
2063 696 2357 762 benivoli
2406 706 2526 762 est.

817 802 1092 889 Sapiens
1138 811 1361 867 contra
1406 822 1627 867 omnes
1671 822 1851 865 arma
1893 799 2043 881 fert,
2090 821 2236 863 cum
2282 799 2546 884 cogitat.

820 903 1314 969 Sanctissimum
1359 912 1457 967 est
1499 902 1897 985 meminisse,
1945 902 2050 965 cui
2094 909 2159 965 te
2204 899 2467 966 debeas.

819 1003 1016 1071 Stulti
1061 1006 1293 1069 timent
1335 1006 1683 1086 fortunam,
1733 1005 2061 1091 sapientes
2107 1001 2347 1066 ferunt.

649 1113 774 1172 590
819 1106 1083 1190 Sensus,
1130 1128 1260 1172 non
1303 1115 1479 1172 aetas
1531 1106 1789 1169 invenit
1832 1105 2243 1191 sapientiam.

820 1208 1088 1296 Semper
1132 1208 1389 1273 beatam
1434 1229 1504 1272 se
1530 1215 1736 1295 putat
1779 1206 2176 1292 benignitas.

820 1310 1028 1398 Saepe
1072 1309 1468 1395 ignoscendo
1513 1309 1629 1373 des
1674 1309 1952 1373 iniuriae
1996 1307 2227 1373 locum.

821 1411 1000 1478 Solet
1046 1434 1187 1478 esse
1231 1413 1302 1475 in
1344 1411 1564 1476 dubiis
1611 1433 1727 1498 pro
1776 1409 2047 1475 consilio
2092 1409 2446 1473 temeritas.

819 1514 1087 1601 Semper
1131 1512 1474 1579 consilium
1517 1522 1674 1577 tunc
1719 1512 1923 1594 deest,
1973 1533 2121 1575 cum
2164 1533 2327 1599 opus
2369 1519 2474 1574 est
2516 1511 2822 1574 maxime.

651 1621 772 1680 595
821 1615 1094 1702 Sapiens
1141 1614 1313 1702 quod
1357 1614 1603 1702 petitur
1645 1613 1761 1678 ubi
1802 1622 1998 1695 tacet,
2044 1613 2335 1678 breviter
2377 1622 2595 1697 negat.

819 1716 1087 1804 Semper
1130 1716 1274 1804 plus
1319 1717 1549 1781 metuit
1592 1716 1846 1779 animus
1892 1715 2190 1801 ignotum
2232 1714 2495 1783 malum.

820 1816 1120 1884 Secunda
1163 1820 1233 1883 in
1276 1825 1659 1905 paupertate
1703 1815 1965 1881 fortuna
2011 1826 2110 1882 est
2152 1815 2338 1882 fides.

822 1919 893 1987 Si
936 1919 1032 1984 nil
1076 1918 1239 1984 velis
1284 1921 1536 2001 timere,
1590 1929 1844 1984 metuas
1887 1920 2125 2001 omnia.

820 2022 1251 2088 Summissum
1294 2022 1636 2109 imperium
1679 2043 1809 2086 non
1852 2030 2030 2085 tenet
2073 2021 2247 2084 vires
2292 2041 2465 2085 suas.

653 2133 776 2191 600
820 2123 1161 2191 Secundus
1209 2132 1309 2187 est
1352 2144 1391 2187 a
1433 2131 1641 2188 matre
1683 2123 1958 2187 nutricis
2005 2121 2207 2188 dolor.

821 2226 961 2292 Sibi
1003 2227 1133 2314 ipsi
1179 2224 1593 2312 supplicium,
1642 2224 1912 2290 admissi
1957 2245 2147 2311 quem
2191 2224 2499 2311 paenitet.

820 2328 1022 2410 Suum
1070 2329 1365 2414 sequitur
1407 2325 1625 2392 lumen
1677 2348 1932 2414 semper
1976 2327 2364 2391 innocentia.

822 2429 1105 2494 Stultum
1151 2438 1250 2493 est
1292 2429 1492 2492 alium
1538 2427 1709 2493 velle
1750 2427 1981 2493 ulcisci
2027 2447 2248 2515 poena*
2282 2450 2416 2494 sua.

820 2528 963 2596 Sibi
1007 2531 1214 2618 primo
1260 2529 1579 2595 auxilium
1627 2531 1876 2617 eripere
1921 2539 2018 2595 est
2062 2529 2239 2616 leges
2285 2529 2531 2596 tollere.

658 2825 923 2869 comens
970 2826 1017 2866 v.
1053 2807 1417 2873 584—625;
1464 2801 1645 2884 F(T)

650 2946 825 3019 possit
853 2943 1063 3018 putat':
1109 2939 1145 2978 ’¹‘
1178 2947 1420 3003 correxi
1629 2942 1752 3002 585
1800 2960 1923 3018 spes
1955 2961 2000 3000 ε.
2034 2950 2149 3016 est,
2208 2942 2306 2999 ubi
2336 2943 2391 3000 h.
2425 2961 2475 3001 o.
2507 2945 2673 3000 timor
2707 2944 2759 3000 T

653 3028 775 3087 586
822 3029 874 3085 d.
921 3046 966 3085 c.
1010 3028 1064 3086 b.
1108 3038 1191 3086 est
1221 3030 1436 3087 Bothe.-
1475 3028 1529 3085 b.
1565 3035 1652 3085 est
1692 3028 1746 3085 d.
1779 3045 1826 3084 c.
1862 3030 1933 3100 F,
1975 3047 2020 3085 s.
2052 3028 2106 3084 b.
2155 3031 2240 3084 est
2282 3046 2334 3102 p.
2378 3028 2428 3086 d.
2473 3046 2519 3086 c.
2557 3030 2773 3086 Gruter

652 3114 777 3172 590
819 3130 1037 3170 sensum
1080 3131 1189 3171 non
1232 3123 1373 3170 aetas
1415 3115 1621 3170 invenit
1660 3115 1922 3188 sapientia
1958 3114 2031 3179 T,·
2076 3133 2153 3170 an
2198 3113 2441 3169 invehit?
2612 3113 2733 3172 592
2781 3131 2945 3188 saepe

651 3199 985 3274 ignoscendo
1020 3241 1032 3254 .
1071 3241 1084 3254 .
1118 3199 1342 3255 iniuriae
1384 3198 1563 3255 locum
1609 3200 1858 3256 Gruter.-
1914 3200 2126 3273 sapiens
2167 3214 2380 3272 semper
2421 3198 2732 3272 quiescendi
2766 3241 2781 3256 .
2816 3241 2829 3256 .
2862 3199 2945 3255 lo·

651 3300 771 3339 cum
802 3283 1026 3338 iniuriae
1056 3285 1135 3347 F
1127 3308 1138 3320 ·
1183 3285 1263 3356 cf.
1299 3302 1349 3340 v.
1386 3282 1526 3341 238.
1557 3282 1681 3340 465
1875 3278 1911 3317 *
1943 3283 2064 3341 des:
2100 3283 2190 3339 dat
2221 3284 2292 3354 F,
2323 3282 2415 3338 das
2450 3284 2698 3348 Gruter,·
2727 3284 2808 3357 cf.
2838 3302 2937 3358 pq.

654 3368 730 3425 61
905 3366 1024 3426 593
1070 3369 1125 3423 in
1166 3368 1401 3425 adversis
1450 3368 1500 3424 T
1667 3367 1829 3426 594
1877 3385 2013 3443 opus
2056 3376 2140 3428 est
2179 3369 2504 3426 Desbz'llon:
2547 3376 2633 3425 est
2675 3385 2814 3443 opus
2860 3369 2941 3433 F;

651 3468 771 3508 cum
816 3468 952 3525 opus
995 3469 1239 3509 maxume
1282 3460 1366 3508 est
1409 3456 1805 3534 scripserunt,
1852 3457 1951 3527 qui
1991 3453 2145 3509 deest
2173 3455 2520 3550 disyllabum
2550 3460 2925 3525 aeceperunt:

652 3537 731 3610 cf.
776 3555 825 3592 v.
874 3536 1010 3594 151.
1057 3536 1199 3630 229.
1234 3536 1353 3596 628
1527 3537 1650 3596 595
1696 3536 1972 3595 Menand.
2021 3538 2265 3598 Monost.
2311 3536 2432 3597 223
2489 3526 2523 3611 ἡ
2576 3526 2688 3613 γὰρ
2745 3527 2941 3613 σιωπὴ

651 3622 940 3694 μαρτυρεῖ
978 3609 1042 3676 τὸ
1084 3609 1166 3695 μὴ
1206 3617 1410 3678 θέλειν
1626 3622 1747 3680 596
1792 3618 2071 3700 ignotum]
2118 3627 2154 3679 i.
2191 3638 2239 3680 e.
2281 3641 2496 3695 parum
2537 3631 2728 3681 notum

653 3704 774 3763 598
824 3706 1048 3763 Seneca
1079 3715 1197 3764 nat.
1230 3716 1450 3782 quaest.
1486 3710 1543 3781 6,
1576 3707 1637 3779 2,
1670 3708 1707 3765 3
1754 3709 1822 3764 si
1854 3708 2017 3764 vultis
2061 3707 2193 3764 nihil
2239 3709 2457 3780 timere,
2498 3709 2731 3782 cogitate
2764 3708 2944 3764 omnia

652 3805 772 3846 esse
804 3789 1082 3847 timenda?
1176 3792 1264 3865 Cf.
1301 3811 1352 3851 v.
1391 3793 1528 3850 116.
1564 3793 1684 3852 607
1860 3793 1933 3849 nil
1966 3792 2227 3865 Ιηροὶε1..
2220 3818 2230 3829 ·
2263 3792 2392 3848 nihil
2425 3793 2482 3847 F
2656 3791 2774 3850 601
2825 3794 2940 3850 Re-

652 3878 918 3948 spexisse
949 3877 1171 3933 videtur
1202 3876 1334 3933 Sen.
1368 3879 1439 3933 de
1468 3882 1560 3933 ira
1593 3877 1664 3950 3,
1698 3878 1800 3948 26,
1834 3875 1934 3932 2ε
1940 3879 2164 3933 maxima
2195 3885 2278 3934 est
2308 3876 2522 3932 sactae
2506 3877 2729 3933 iniuriae
2763 3894 2940 3950 poena

652 3960 876 4031 fecisse,
920 3975 1019 4016 nec
1061 3962 1367 4034 quisquam
1392 3964 1605 4035 gravius
1650 3961 1931 4034 adficitur,
1976 3979 2133 4057 quam
2177 3963 2269 4035 qui
2310 3959 2374 4016 ad
2406 3961 2725 4036 supplicium
2758 3962 2943 4059 paeni·

644 4045 852 4101 tenti-te
893 4044 1171 4101 traditur)
1259 4044 1536 4103 Menaud.
1581 4045 1826 4105 Monosl.
1875 4048 1986 4105 667
2040 4032 2078 4118 ἡ
2125 4039 2187 4102 δὲ
2238 4038 2522 4119 μετάνοια
2572 4034 2792 4120 ybyvst'
2834 4033 2943 4099 ἆν-

652 4123 925 4203 θρώποις
973 4127 1159 4205 κρίσις
1354 4131 1499 4203 fort.
1532 4132 1650 4204 ipse
1848 4128 1884 4165 ‘¹‘
1916 4132 2237 4206 supplicium
2282 4130 2422 4187 adm.
2466 4148 2652 4204 quem:
2695 4130 2786 4187 dat
2814 4149 2940 4205 sup.

656 4232 815 4289 quem
847 4215 985 4272 adm.
1022 4216 1077 4272 F
1210 4210 1477 4292 paenitet]
1511 4214 1681 4290 pudet
1714 4220 1989 4280 editores;
2034 4216 2114 4288 cf.
2149 4235 2198 4273 v.
2238 4215 2377 4273 196.
2414 4216 2536 4273 366
2694 4214 2813 4274 602
2861 4217 2944 4272 in-

653 4302 954 4357 nocentiam
978 4301 1222 4395 Bythias
1353 4301 1472 4360 603
1524 4299 1613 4374 Cf.
1648 4319 1698 4358 v.
1725 4301 1844 4358 611
1882 4307 1935 4358 et
1964 4299 2236 4358 Menand.
2260 4300 2505 4358 Monost.
2537 4299 2656 4357 152
2690 4289 2945 4374 ἐχθρους

652 4371 889 4456 ἀμύνου
919 4372 999 4459 μὴ
1024 4371 1114 4441 ’πὶ
1146 4383 1219 4465 τῇ
1250 4382 1472 4441 σαυτοῦ
1501 4377 1702 4463 βλάβῃ
1906 4385 2043 4441 velle
2074 4385 2261 4442 ulcisci
2291 4384 2551 4460 In'yolsta
2584 4385 2691 4442 ulc.
2725 4384 2861 4442 velle
2893 4387 2952 4442 F

657 4468 778 4527 604
825 4471 997 4543 primo
1031 4473 1248 4529 Botke:
1291 4472 1521 4545 primum
1553 4472 1611 4527 F
1777 4472 1987 4544 eripere
2018 4478 2103 4526 est
2131 4471 2389 4545 Inyolst..·
2421 4478 2506 4527 est
2537 4487 2613 4526 er.
2648 4472 2705 4525 F

2435 4869 3185 5171 «ι
