<?xml version="1.0" encoding="UTF-8"?>
<!DOCTYPE html PUBLIC "-//W3C//DTD XHTML 1.0 Transitional//EN"
    "http://www.w3.org/TR/xhtml1/DTD/xhtml1-transitional.dtd">
<html xmlns="http://www.w3.org/1999/xhtml" xml:lang="en" lang="en">
 <head>
  <title>
</title>
<meta http-equiv="Content-Type" content="text/html;charset=utf-8" />
  <meta name='ocr-system' content='tesseract 3.04.00' />
  <meta name='ocr-capabilities' content='ocr_page ocr_carea ocr_par ocr_line ocrx_word'/>
</head>
<body>
  <div class='ocr_page' id='page_1' title='image "./publiliisyrisen01martgoog_0047.png"; bbox 0 0 3209 5184; ppageno 0'>
   <div class='ocr_carea' id='block_1_1' title="bbox 1131 426 2553 492">
    <p class='ocr_par' dir='ltr' id='par_1_1' title="bbox 1131 426 2553 492">
     <span class='ocr_line' id='line_1_1' title="bbox 1131 426 2553 492; baseline 0.002 -5"><span class='ocrx_word' id='word_1_1' title='bbox 1131 433 1680 492; x_wconf 76' lang='lat' dir='ltr'><strong>PROLEGOMENA.</strong></span> <span class='ocrx_word' id='word_1_2' title='bbox 2469 426 2553 490; x_wconf 86' lang='lat'>39</span> 
     </span>
    </p>
   </div>
   <div class='ocr_carea' id='block_1_2' title="bbox 268 591 2552 684">
    <p class='ocr_par' dir='ltr' id='par_1_2' title="bbox 268 591 2552 684">
     <span class='ocr_line' id='line_1_2' title="bbox 268 591 2552 684; baseline -0.001 -24"><span class='ocrx_word' id='word_1_3' title='bbox 268 594 605 660; x_wconf 88' lang='lat' dir='ltr'>caecilium</span> <span class='ocrx_word' id='word_1_4' title='bbox 662 592 962 659; x_wconf 84' lang='lat' dir='ltr'><strong>Balbum.</strong></span> <span class='ocrx_word' id='word_1_5' title='bbox 1052 593 1141 658; x_wconf 89' lang='lat' dir='ltr'>Et</span> <span class='ocrx_word' id='word_1_6' title='bbox 1201 604 1274 659; x_wconf 93' lang='lat' dir='ltr'>ut</span> <span class='ocrx_word' id='word_1_7' title='bbox 1338 617 1534 684; x_wconf 91' lang='lat' dir='ltr'>supra</span> <span class='ocrx_word' id='word_1_8' title='bbox 1589 616 1674 658; x_wconf 79' lang='lat' dir='ltr'>ex</span> <span class='ocrx_word' id='word_1_9' title='bbox 1731 594 2045 659; x_wconf 80' lang='lat' dir='ltr'>Cicerone</span> <span class='ocrx_word' id='word_1_10' title='bbox 2109 614 2186 656; x_wconf 89' lang='lat' dir='ltr'>ac</span> <span class='ocrx_word' id='word_1_11' title='bbox 2241 591 2552 659; x_wconf 81' lang='lat' dir='ltr'><strong>Sallustio</strong></span> 
     </span>
    </p>
   </div>
   <div class='ocr_carea' id='block_1_3' title="bbox 266 694 2665 784">
    <p class='ocr_par' dir='ltr' id='par_1_3' title="bbox 266 694 2665 784">
     <span class='ocr_line' id='line_1_3' title="bbox 266 694 2665 784; baseline -0.002 -22"><span class='ocrx_word' id='word_1_12' title='bbox 266 697 520 782; x_wconf 84' lang='lat' dir='ltr'>singula</span> <span class='ocrx_word' id='word_1_13' title='bbox 575 696 896 784; x_wconf 84' lang='lat' dir='ltr'>quaedam</span> <span class='ocrx_word' id='word_1_14' title='bbox 948 698 1196 761; x_wconf 91' lang='lat' dir='ltr'>inserta</span> <span class='ocrx_word' id='word_1_15' title='bbox 1251 697 1455 761; x_wconf 87' lang='lat' dir='ltr'>fuisse</span> <span class='ocrx_word' id='word_1_16' title='bbox 1500 696 1821 780; x_wconf 87' lang='lat' dir='ltr'>vidimus,</span> <span class='ocrx_word' id='word_1_17' title='bbox 1878 698 1972 761; x_wconf 88' lang='lat' dir='ltr'>ita</span> <span class='ocrx_word' id='word_1_18' title='bbox 2013 694 2228 760; x_wconf 87' lang='lat' dir='ltr'>nullus</span> <span class='ocrx_word' id='word_1_19' title='bbox 2272 695 2409 759; x_wconf 87' lang='lat' dir='ltr'>fere</span> <span class='ocrx_word' id='word_1_20' title='bbox 2454 704 2552 759; x_wconf 89' lang='lat' dir='ltr'>est</span> <span class='ocrx_word' id='word_1_21' title='bbox 2659 729 2665 734; x_wconf 94' lang='lat'>·</span> 
     </span>
    </p>
   </div>
   <div class='ocr_carea' id='block_1_4' title="bbox 265 798 2549 1088">
    <p class='ocr_par' dir='ltr' id='par_1_4' title="bbox 265 798 2549 1088">
     <span class='ocr_line' id='line_1_4' title="bbox 266 798 2549 886; baseline -0.001 -24"><span class='ocrx_word' id='word_1_22' title='bbox 266 802 429 863; x_wconf 84' lang='lat' dir='ltr'>inter</span> <span class='ocrx_word' id='word_1_23' title='bbox 473 807 730 863; x_wconf 86' lang='lat' dir='ltr'>veteres</span> <span class='ocrx_word' id='word_1_24' title='bbox 777 798 1150 886; x_wconf 88' lang='lat' dir='ltr'>scriptores,</span> <span class='ocrx_word' id='word_1_25' title='bbox 1198 799 1383 861; x_wconf 92' lang='lat' dir='ltr'>cuius</span> <span class='ocrx_word' id='word_1_26' title='bbox 1429 820 1557 863; x_wconf 92' lang='lat' dir='ltr'>non</span> <span class='ocrx_word' id='word_1_27' title='bbox 1601 799 1823 884; x_wconf 89' lang='lat' dir='ltr'>aliqua</span> <span class='ocrx_word' id='word_1_28' title='bbox 1867 807 2041 862; x_wconf 87' lang='lat' dir='ltr'>certe</span> <span class='ocrx_word' id='word_1_29' title='bbox 2088 798 2411 871; x_wconf 81' lang='lat' dir='ltr'>sententia</span> <span class='ocrx_word' id='word_1_30' title='bbox 2453 798 2549 861; x_wconf 93' lang='lat' dir='ltr'>in-</span> 
     </span>
     <span class='ocr_line' id='line_1_5' title="bbox 265 897 2547 986; baseline -0 -23"><span class='ocrx_word' id='word_1_31' title='bbox 265 900 533 965; x_wconf 84' lang='lat' dir='ltr'>fluxisse</span> <span class='ocrx_word' id='word_1_32' title='bbox 577 900 786 986; x_wconf 84' lang='lat' dir='ltr'><strong>possit</strong></span> <span class='ocrx_word' id='word_1_33' title='bbox 830 900 900 962; x_wconf 91' lang='lat' dir='ltr'>in</span> <span class='ocrx_word' id='word_1_34' title='bbox 943 898 1109 964; x_wconf 90' lang='lat' dir='ltr'>hanc</span> <span class='ocrx_word' id='word_1_35' title='bbox 1152 899 1412 964; x_wconf 89' lang='lat' dir='ltr'>foedam</span> <span class='ocrx_word' id='word_1_36' title='bbox 1455 897 1782 986; x_wconf 84' lang='lat' dir='ltr'>paludem.</span> <span class='ocrx_word' id='word_1_37' title='bbox 1872 898 2055 979; x_wconf 82' lang='lat' dir='ltr'>Quid</span> <span class='ocrx_word' id='word_1_38' title='bbox 2101 899 2273 985; x_wconf 88' lang='lat' dir='ltr'>quod</span> <span class='ocrx_word' id='word_1_39' title='bbox 2317 899 2547 963; x_wconf 83' lang='lat' dir='ltr'>Fabri-</span> 
     </span>
     <span class='ocr_line' id='line_1_6' title="bbox 266 1000 1957 1088; baseline -0.002 -22"><span class='ocrx_word' id='word_1_40' title='bbox 266 1003 398 1066; x_wconf 84' lang='lat' dir='ltr'><strong>cius</strong></span> <span class='ocrx_word' id='word_1_41' title='bbox 445 1010 508 1063; x_wconf 83' lang='lat' dir='ltr'>‘e</span> <span class='ocrx_word' id='word_1_42' title='bbox 551 1000 1016 1088; x_wconf 90' lang='lat' dir='ltr'>manuscripto&#39;</span> <span class='ocrx_word' id='word_1_43' title='bbox 1063 1000 1230 1064; x_wconf 92' lang='lat' dir='ltr'>hanc</span> <span class='ocrx_word' id='word_1_44' title='bbox 1275 1000 1485 1065; x_wconf 83' lang='lat' dir='ltr'>edidit</span> <span class='ocrx_word' id='word_1_45' title='bbox 1530 1001 1957 1065; x_wconf 77' lang='lat' dir='ltr'>sententiam:</span> 
     </span>
    </p>
   </div>
   <div class='ocr_carea' id='block_1_5' title="bbox 672 1158 2095 1235">
    <p class='ocr_par' dir='ltr' id='par_1_5' title="bbox 672 1158 2095 1235">
     <span class='ocr_line' id='line_1_7' title="bbox 672 1158 2095 1235; baseline -0.001 -16"><span class='ocrx_word' id='word_1_46' title='bbox 672 1160 880 1219; x_wconf 79' lang='lat' dir='ltr'>Ferme</span> <span class='ocrx_word' id='word_1_47' title='bbox 919 1159 1196 1235; x_wconf 59' lang='lat' dir='ltr'>sumendo</span> <span class='ocrx_word' id='word_1_48' title='bbox 1239 1162 1307 1219; x_wconf 72' lang='lat' dir='ltr'>in</span> <span class='ocrx_word' id='word_1_49' title='bbox 1348 1160 1539 1218; x_wconf 80' lang='lat' dir='ltr'>media</span> <span class='ocrx_word' id='word_1_50' title='bbox 1578 1158 1710 1231; x_wconf 80' lang='lat' dir='ltr'>fata</span> <span class='ocrx_word' id='word_1_51' title='bbox 1754 1160 2095 1228; x_wconf 74' lang='lat' dir='ltr'>incurritur,</span> 
     </span>
    </p>
   </div>
   <div class='ocr_carea' id='block_1_6' title="bbox 253 1304 2551 4547">
    <p class='ocr_par' dir='ltr' id='par_1_6' title="bbox 258 1304 2551 2916">
     <span class='ocr_line' id='line_1_8' title="bbox 266 1304 2550 1393; baseline -0.001 -22"><span class='ocrx_word' id='word_1_52' title='bbox 266 1308 387 1372; x_wconf 90' lang='lat' dir='ltr'>huc</span> <span class='ocrx_word' id='word_1_53' title='bbox 432 1305 718 1371; x_wconf 84' lang='lat' dir='ltr'>delatam</span> <span class='ocrx_word' id='word_1_54' title='bbox 764 1328 849 1369; x_wconf 82' lang='lat' dir='ltr'>ex</span> <span class='ocrx_word' id='word_1_55' title='bbox 890 1306 1086 1370; x_wconf 85' lang='lat' dir='ltr'>Livio</span> <span class='ocrx_word' id='word_1_56' title='bbox 1118 1306 1178 1388; x_wconf 84' lang='lat'>8,</span> <span class='ocrx_word' id='word_1_57' title='bbox 1211 1306 1314 1388; x_wconf 81' lang='lat'>24,</span> <span class='ocrx_word' id='word_1_58' title='bbox 1346 1306 1420 1388; x_wconf 78' lang='lat'>43</span> <span class='ocrx_word' id='word_1_59' title='bbox 1467 1304 1641 1393; x_wconf 90' lang='lat' dir='ltr'>quod</span> <span class='ocrx_word' id='word_1_60' title='bbox 1685 1306 1753 1368; x_wconf 93' lang='lat' dir='ltr'>in</span> <span class='ocrx_word' id='word_1_61' title='bbox 1798 1305 2022 1370; x_wconf 90' lang='lat' dir='ltr'>codice</span> <span class='ocrx_word' id='word_1_62' title='bbox 2052 1306 2353 1369; x_wconf 77' lang='lat' dir='ltr'>Parisino</span> <span class='ocrx_word' id='word_1_63' title='bbox 2384 1305 2550 1370; x_wconf 78' lang='lat'>8027</span> 
     </span>
     <span class='ocr_line' id='line_1_9' title="bbox 265 1406 2547 1496; baseline -0 -24"><span class='ocrx_word' id='word_1_64' title='bbox 265 1411 649 1474; x_wconf 88' lang='lat' dir='ltr'>Bactrorum</span> <span class='ocrx_word' id='word_1_65' title='bbox 704 1407 1122 1496; x_wconf 89' lang='lat' dir='ltr'>proverbium</span> <span class='ocrx_word' id='word_1_66' title='bbox 1177 1408 1439 1493; x_wconf 86' lang='lat' dir='ltr'>irrepsit</span> <span class='ocrx_word' id='word_1_67' title='bbox 1493 1408 1666 1471; x_wconf 90' lang='lat' dir='ltr'>inter</span> <span class='ocrx_word' id='word_1_68' title='bbox 1712 1409 2064 1471; x_wconf 85' lang='lat' dir='ltr'>sententias</span> <span class='ocrx_word' id='word_1_69' title='bbox 2109 1406 2547 1471; x_wconf 89' lang='lat' dir='ltr'>Publilianas:</span> 
     </span>
     <span class='ocr_line' id='line_1_10' title="bbox 276 1510 2547 1589; baseline -0 -15"><span class='ocrx_word' id='word_1_70' title='bbox 276 1512 510 1575; x_wconf 80' lang='lat' dir='ltr'>Verum</span> <span class='ocrx_word' id='word_1_71' title='bbox 554 1515 641 1574; x_wconf 81' lang='lat' dir='ltr'>est</span> <span class='ocrx_word' id='word_1_72' title='bbox 683 1531 900 1574; x_wconf 77' lang='lat' dir='ltr'>canem</span> <span class='ocrx_word' id='word_1_73' title='bbox 944 1511 1235 1574; x_wconf 73' lang='lat' dir='ltr'>timidum</span> <span class='ocrx_word' id='word_1_74' title='bbox 1277 1510 1691 1574; x_wconf 76' lang='lat' dir='ltr'>vehementius</span> <span class='ocrx_word' id='word_1_75' title='bbox 1735 1510 1973 1573; x_wconf 77' lang='lat' dir='ltr'>latrare</span> <span class='ocrx_word' id='word_1_76' title='bbox 2015 1529 2209 1589; x_wconf 79' lang='lat' dir='ltr'>quam</span> <span class='ocrx_word' id='word_1_77' title='bbox 2247 1510 2547 1587; x_wconf 80' lang='lat' dir='ltr'>mordere,</span> 
     </span>
     <span class='ocr_line' id='line_1_11' title="bbox 263 1609 2546 1695; baseline -0 -20"><span class='ocrx_word' id='word_1_78' title='bbox 263 1619 317 1675; x_wconf 80' lang='lat' dir='ltr'>et</span> <span class='ocrx_word' id='word_1_79' title='bbox 356 1613 675 1676; x_wconf 72' lang='lat' dir='ltr'>altissima</span> <span class='ocrx_word' id='word_1_80' title='bbox 719 1632 999 1693; x_wconf 74' lang='lat' dir='ltr'>quaeque</span> <span class='ocrx_word' id='word_1_81' title='bbox 1039 1612 1313 1692; x_wconf 75' lang='lat' dir='ltr'>flumina</span> <span class='ocrx_word' id='word_1_82' title='bbox 1355 1632 1482 1675; x_wconf 77' lang='lat' dir='ltr'>uno</span> <span class='ocrx_word' id='word_1_83' title='bbox 1523 1611 1677 1675; x_wconf 79' lang='lat' dir='ltr'>solio</span> <span class='ocrx_word' id='word_1_84' title='bbox 1710 1609 1865 1694; x_wconf 85' lang='lat' dir='ltr'>(leg.</span> <span class='ocrx_word' id='word_1_85' title='bbox 1897 1611 2159 1674; x_wconf 76' lang='lat' dir='ltr'>minimo</span> <span class='ocrx_word' id='word_1_86' title='bbox 2188 1611 2367 1695; x_wconf 77' lang='lat' dir='ltr'>sono)</span> <span class='ocrx_word' id='word_1_87' title='bbox 2400 1610 2546 1688; x_wconf 66' lang='lat' dir='ltr'>labi,</span> 
     </span>
     <span class='ocr_line' id='line_1_12' title="bbox 265 1709 2549 1799; baseline -0.001 -22"><span class='ocrx_word' id='word_1_88' title='bbox 265 1736 297 1777; x_wconf 90' lang='lat' dir='ltr'>e</span> <span class='ocrx_word' id='word_1_89' title='bbox 348 1713 580 1777; x_wconf 76' lang='lat' dir='ltr'>Curtio</span> <span class='ocrx_word' id='word_1_90' title='bbox 627 1714 695 1795; x_wconf 85' lang='lat'>7,</span> <span class='ocrx_word' id='word_1_91' title='bbox 742 1713 816 1794; x_wconf 87' lang='lat'>4,</span> <span class='ocrx_word' id='word_1_92' title='bbox 867 1713 945 1776; x_wconf 86' lang='lat'>13</span> <span class='ocrx_word' id='word_1_93' title='bbox 996 1709 1164 1775; x_wconf 92' lang='lat' dir='ltr'>male</span> <span class='ocrx_word' id='word_1_94' title='bbox 1221 1712 1348 1776; x_wconf 90' lang='lat' dir='ltr'>huc</span> <span class='ocrx_word' id='word_1_95' title='bbox 1402 1720 1785 1799; x_wconf 87' lang='lat' dir='ltr'>retractum;</span> <span class='ocrx_word' id='word_1_96' title='bbox 1853 1710 2027 1797; x_wconf 91' lang='lat' dir='ltr'>quod</span> <span class='ocrx_word' id='word_1_97' title='bbox 2087 1712 2198 1797; x_wconf 93' lang='lat' dir='ltr'>qui</span> <span class='ocrx_word' id='word_1_98' title='bbox 2255 1711 2549 1775; x_wconf 83' lang='lat' dir='ltr'>codicem</span> 
     </span>
     <span class='ocr_line' id='line_1_13' title="bbox 263 1799 2551 1899; baseline -0.001 -20"><span class='ocrx_word' id='word_1_99' title='bbox 263 1815 632 1878; x_wconf 88' lang='lat' dir='ltr'>Parisinum</span> <span class='ocrx_word' id='word_1_100' title='bbox 692 1813 858 1877; x_wconf 88' lang='lat'>8049</span> <span class='ocrx_word' id='word_1_101' title='bbox 913 1799 1026 1898; x_wconf 74' lang='lat' dir='ltr'>(C)</span> <span class='ocrx_word' id='word_1_102' title='bbox 1086 1814 1379 1899; x_wconf 81' lang='lat' dir='ltr'>scripsit,</span> <span class='ocrx_word' id='word_1_103' title='bbox 1448 1813 1916 1877; x_wconf 89' lang='lat' dir='ltr'>sententiarum</span> <span class='ocrx_word' id='word_1_104' title='bbox 1969 1834 2310 1877; x_wconf 89' lang='lat' dir='ltr'>numerum</span> <span class='ocrx_word' id='word_1_105' title='bbox 2364 1813 2551 1876; x_wconf 84' lang='lat' dir='ltr'>auxit</span> 
     </span>
     <span class='ocr_line' id='line_1_14' title="bbox 261 1913 2548 2000; baseline -0 -21"><span class='ocrx_word' id='word_1_106' title='bbox 261 1917 342 1980; x_wconf 88' lang='lat' dir='ltr'>ad</span> <span class='ocrx_word' id='word_1_107' title='bbox 389 1915 522 1980; x_wconf 92' lang='lat' dir='ltr'>duo</span> <span class='ocrx_word' id='word_1_108' title='bbox 568 1914 752 1978; x_wconf 89' lang='lat' dir='ltr'>milia</span> <span class='ocrx_word' id='word_1_109' title='bbox 795 1914 910 1999; x_wconf 88' lang='lat' dir='ltr'>(cf.</span> <span class='ocrx_word' id='word_1_110' title='bbox 943 1936 1140 2000; x_wconf 88' lang='lat' dir='ltr'>supra</span> <span class='ocrx_word' id='word_1_111' title='bbox 1184 1936 1292 2000; x_wconf 88' lang='lat' dir='ltr'>pg.</span> <span class='ocrx_word' id='word_1_112' title='bbox 1331 1914 1459 1999; x_wconf 89' lang='lat'>19),</span> <span class='ocrx_word' id='word_1_113' title='bbox 1506 1923 1792 1978; x_wconf 85' lang='lat' dir='ltr'>ceterum</span> <span class='ocrx_word' id='word_1_114' title='bbox 1836 1915 1903 1978; x_wconf 93' lang='lat' dir='ltr'>in</span> <span class='ocrx_word' id='word_1_115' title='bbox 1947 1913 2069 1978; x_wconf 89' lang='lat' dir='ltr'>hoc</span> <span class='ocrx_word' id='word_1_116' title='bbox 2109 1936 2149 1978; x_wconf 92' lang='lat' dir='ltr'>a</span> <span class='ocrx_word' id='word_1_117' title='bbox 2178 1913 2407 1979; x_wconf 92' lang='lat' dir='ltr'>fraude</span> <span class='ocrx_word' id='word_1_118' title='bbox 2437 1937 2548 1978; x_wconf 85' lang='lat' dir='ltr'>va-</span> 
     </span>
     <span class='ocr_line' id='line_1_15' title="bbox 262 2013 2548 2103; baseline -0 -23"><span class='ocrx_word' id='word_1_119' title='bbox 262 2040 445 2099; x_wconf 89' lang='lat' dir='ltr'>cuus,</span> <span class='ocrx_word' id='word_1_120' title='bbox 490 2015 665 2103; x_wconf 91' lang='lat' dir='ltr'>quod</span> <span class='ocrx_word' id='word_1_121' title='bbox 709 2037 830 2080; x_wconf 90' lang='lat' dir='ltr'>nec</span> <span class='ocrx_word' id='word_1_122' title='bbox 858 2014 1129 2080; x_wconf 91' lang='lat' dir='ltr'>Publilii</span> <span class='ocrx_word' id='word_1_123' title='bbox 1172 2037 1294 2078; x_wconf 90' lang='lat' dir='ltr'>nec</span> <span class='ocrx_word' id='word_1_124' title='bbox 1331 2013 1616 2080; x_wconf 83' lang='lat' dir='ltr'>Senecae</span> <span class='ocrx_word' id='word_1_125' title='bbox 1658 2036 1895 2080; x_wconf 89' lang='lat' dir='ltr'>nomen</span> <span class='ocrx_word' id='word_1_126' title='bbox 1939 2016 2260 2102; x_wconf 86' lang='lat' dir='ltr'>praefixit.</span> <span class='ocrx_word' id='word_1_127' title='bbox 2335 2015 2548 2080; x_wconf 90' lang='lat' dir='ltr'>Huius</span> 
     </span>
     <span class='ocr_line' id='line_1_16' title="bbox 261 2115 2549 2203; baseline -0.001 -21"><span class='ocrx_word' id='word_1_128' title='bbox 261 2119 660 2183; x_wconf 89' lang='lat' dir='ltr'>confusionis</span> <span class='ocrx_word' id='word_1_129' title='bbox 705 2127 779 2183; x_wconf 90' lang='lat' dir='ltr'>ut</span> <span class='ocrx_word' id='word_1_130' title='bbox 822 2116 1087 2203; x_wconf 89' lang='lat' dir='ltr'>aliquod</span> <span class='ocrx_word' id='word_1_131' title='bbox 1133 2126 1388 2181; x_wconf 83' lang='lat' dir='ltr'>extaret</span> <span class='ocrx_word' id='word_1_132' title='bbox 1430 2126 1938 2199; x_wconf 89' lang='lat' dir='ltr'>monumentum,</span> <span class='ocrx_word' id='word_1_133' title='bbox 1988 2116 2181 2183; x_wconf 90' lang='lat' dir='ltr'>simul</span> <span class='ocrx_word' id='word_1_134' title='bbox 2223 2140 2307 2180; x_wconf 89' lang='lat' dir='ltr'>ne</span> <span class='ocrx_word' id='word_1_135' title='bbox 2335 2115 2450 2182; x_wconf 90' lang='lat' dir='ltr'>alii</span> <span class='ocrx_word' id='word_1_136' title='bbox 2482 2119 2549 2181; x_wconf 90' lang='lat' dir='ltr'>in</span> 
     </span>
     <span class='ocr_line' id='line_1_17' title="bbox 262 2217 2549 2301; baseline -0 -18"><span class='ocrx_word' id='word_1_137' title='bbox 262 2221 525 2285; x_wconf 89' lang='lat' dir='ltr'>eosdem</span> <span class='ocrx_word' id='word_1_138' title='bbox 570 2241 824 2285; x_wconf 89' lang='lat' dir='ltr'>errores</span> <span class='ocrx_word' id='word_1_139' title='bbox 869 2221 1104 2283; x_wconf 90' lang='lat' dir='ltr'>iterum</span> <span class='ocrx_word' id='word_1_140' title='bbox 1133 2218 1518 2301; x_wconf 88' lang='lat' dir='ltr'>inciderent,</span> <span class='ocrx_word' id='word_1_141' title='bbox 1562 2219 1649 2282; x_wconf 91' lang='lat' dir='ltr'>ad</span> <span class='ocrx_word' id='word_1_142' title='bbox 1680 2217 2259 2283; x_wconf 70' lang='lat' dir='ltr'>calcem‘editionis</span> <span class='ocrx_word' id='word_1_143' title='bbox 2290 2227 2549 2282; x_wconf 88' lang='lat' dir='ltr'>nostrae</span> 
     </span>
     <span class='ocr_line' id='line_1_18' title="bbox 262 2319 2545 2386; baseline -0 -1"><span class='ocrx_word' id='word_1_144' title='bbox 262 2322 590 2386; x_wconf 86' lang='lat' dir='ltr'>edidimus</span> <span class='ocrx_word' id='word_1_145' title='bbox 636 2331 958 2386; x_wconf 88' lang='lat' dir='ltr'>trecentas</span> <span class='ocrx_word' id='word_1_146' title='bbox 1002 2322 1141 2384; x_wconf 89' lang='lat' dir='ltr'>fere</span> <span class='ocrx_word' id='word_1_147' title='bbox 1186 2320 1542 2385; x_wconf 89' lang='lat' dir='ltr'>sententias</span> <span class='ocrx_word' id='word_1_148' title='bbox 1586 2319 1671 2384; x_wconf 92' lang='lat' dir='ltr'>ab</span> <span class='ocrx_word' id='word_1_149' title='bbox 1718 2319 2080 2385; x_wconf 82' lang='lat' dir='ltr'>editoribus</span> <span class='ocrx_word' id='word_1_150' title='bbox 2126 2322 2269 2385; x_wconf 79' lang='lat' dir='ltr'>sive</span> <span class='ocrx_word' id='word_1_151' title='bbox 2313 2343 2399 2384; x_wconf 84' lang='lat' dir='ltr'>ex</span> <span class='ocrx_word' id='word_1_152' title='bbox 2442 2343 2545 2385; x_wconf 93' lang='lat' dir='ltr'>co-</span> 
     </span>
     <span class='ocr_line' id='line_1_19' title="bbox 262 2420 2545 2509; baseline 0 -23"><span class='ocrx_word' id='word_1_153' title='bbox 262 2423 520 2488; x_wconf 88' lang='lat' dir='ltr'>dicibus</span> <span class='ocrx_word' id='word_1_154' title='bbox 565 2422 976 2509; x_wconf 85' lang='lat' dir='ltr'>interpolatis</span> <span class='ocrx_word' id='word_1_155' title='bbox 1024 2422 1164 2487; x_wconf 89' lang='lat' dir='ltr'>sive</span> <span class='ocrx_word' id='word_1_156' title='bbox 1196 2443 1293 2485; x_wconf 39' lang='lat' dir='ltr'>*ex</span> <span class='ocrx_word' id='word_1_157' title='bbox 1337 2423 1496 2508; x_wconf 89' lang='lat' dir='ltr'>ipsis</span> <span class='ocrx_word' id='word_1_158' title='bbox 1542 2421 1918 2487; x_wconf 86' lang='lat' dir='ltr'>auctoribus</span> <span class='ocrx_word' id='word_1_159' title='bbox 1964 2422 2277 2487; x_wconf 88' lang='lat' dir='ltr'>Romanis</span> <span class='ocrx_word' id='word_1_160' title='bbox 2322 2420 2545 2486; x_wconf 92' lang='lat' dir='ltr'>Publi-</span> 
     </span>
     <span class='ocr_line' id='line_1_20' title="bbox 260 2523 2548 2603; baseline -0 -13"><span class='ocrx_word' id='word_1_161' title='bbox 260 2526 456 2590; x_wconf 88' lang='lat' dir='ltr'>lianis</span> <span class='ocrx_word' id='word_1_162' title='bbox 503 2524 668 2589; x_wconf 91' lang='lat' dir='ltr'>falso</span> <span class='ocrx_word' id='word_1_163' title='bbox 711 2523 1061 2588; x_wconf 82' lang='lat' dir='ltr'>admixtas.</span> <span class='ocrx_word' id='word_1_164' title='bbox 1149 2523 1330 2603; x_wconf 77' lang='lat' dir='ltr'>Quas</span> <span class='ocrx_word' id='word_1_165' title='bbox 1377 2524 1502 2588; x_wconf 90' lang='lat' dir='ltr'>etsi</span> <span class='ocrx_word' id='word_1_166' title='bbox 1546 2546 1675 2588; x_wconf 93' lang='lat' dir='ltr'>non</span> <span class='ocrx_word' id='word_1_167' title='bbox 1720 2545 1942 2588; x_wconf 90' lang='lat' dir='ltr'>omnes</span> <span class='ocrx_word' id='word_1_168' title='bbox 1987 2526 2365 2590; x_wconf 91' lang='lat' dir='ltr'>auctoribus</span> <span class='ocrx_word' id='word_1_169' title='bbox 2411 2525 2548 2589; x_wconf 90' lang='lat' dir='ltr'>suis</span> 
     </span>
     <span class='ocr_line' id='line_1_21' title="bbox 260 2625 2549 2712; baseline 0 -23"><span class='ocrx_word' id='word_1_170' title='bbox 260 2627 539 2690; x_wconf 89' lang='lat' dir='ltr'>reddere</span> <span class='ocrx_word' id='word_1_171' title='bbox 582 2627 878 2711; x_wconf 87' lang='lat' dir='ltr'>contigit,</span> <span class='ocrx_word' id='word_1_172' title='bbox 925 2625 1082 2690; x_wconf 88' lang='lat' dir='ltr'>satis</span> <span class='ocrx_word' id='word_1_173' title='bbox 1127 2625 1331 2689; x_wconf 88' lang='lat' dir='ltr'>firmis</span> <span class='ocrx_word' id='word_1_174' title='bbox 1376 2634 1596 2690; x_wconf 89' lang='lat' dir='ltr'>tamen</span> <span class='ocrx_word' id='word_1_175' title='bbox 1640 2626 2096 2712; x_wconf 89' lang='lat' dir='ltr'>comprobasse</span> <span class='ocrx_word' id='word_1_176' title='bbox 2124 2625 2287 2691; x_wconf 90' lang='lat' dir='ltr'>mihi</span> <span class='ocrx_word' id='word_1_177' title='bbox 2317 2625 2549 2691; x_wconf 88' lang='lat' dir='ltr'>videor</span> 
     </span>
     <span class='ocr_line' id='line_1_22' title="bbox 258 2726 2546 2814; baseline 0 -22"><span class='ocrx_word' id='word_1_178' title='bbox 258 2729 657 2814; x_wconf 85' lang='lat' dir='ltr'>argumentis</span> <span class='ocrx_word' id='word_1_179' title='bbox 675 2777 693 2810; x_wconf 92' lang='lat'><strong><em>,</em></strong></span> <span class='ocrx_word' id='word_1_180' title='bbox 753 2728 1222 2791; x_wconf 89' lang='lat' dir='ltr'>sententiarum</span> <span class='ocrx_word' id='word_1_181' title='bbox 1277 2728 1345 2789; x_wconf 91' lang='lat' dir='ltr'>in</span> <span class='ocrx_word' id='word_1_182' title='bbox 1400 2729 1870 2793; x_wconf 87' lang='lat' dir='ltr'>recentioribus</span> <span class='ocrx_word' id='word_1_183' title='bbox 1917 2737 2169 2793; x_wconf 89' lang='lat' dir='ltr'>tantum</span> <span class='ocrx_word' id='word_1_184' title='bbox 2214 2726 2546 2793; x_wconf 90' lang='lat' dir='ltr'>codicibus</span> 
     </span>
     <span class='ocr_line' id='line_1_23' title="bbox 260 2827 1961 2916; baseline 0 -22"><span class='ocrx_word' id='word_1_185' title='bbox 260 2840 666 2895; x_wconf 82' lang='lat' dir='ltr'>servatarum</span> <span class='ocrx_word' id='word_1_186' title='bbox 708 2827 954 2892; x_wconf 89' lang='lat' dir='ltr'>nullam</span> <span class='ocrx_word' id='word_1_187' title='bbox 996 2850 1260 2916; x_wconf 88' lang='lat' dir='ltr'>prorsus</span> <span class='ocrx_word' id='word_1_188' title='bbox 1307 2850 1449 2892; x_wconf 89' lang='lat' dir='ltr'>esse</span> <span class='ocrx_word' id='word_1_189' title='bbox 1490 2832 1961 2894; x_wconf 87' lang='lat' dir='ltr'>auctoritatem.</span> 
     </span>
    </p>

    <p class='ocr_par' dir='ltr' id='par_1_7' title="bbox 256 2929 2545 3526">
     <span class='ocr_line' id='line_1_24' title="bbox 431 2929 2542 3019; baseline -0.001 -23"><span class='ocrx_word' id='word_1_190' title='bbox 431 2933 499 3017; x_wconf 85' lang='lat'>3)</span> <span class='ocrx_word' id='word_1_191' title='bbox 546 2930 771 2995; x_wconf 87' lang='lat' dir='ltr'>Tertio</span> <span class='ocrx_word' id='word_1_192' title='bbox 831 2930 972 2995; x_wconf 93' lang='lat' dir='ltr'>loco</span> <span class='ocrx_word' id='word_1_193' title='bbox 1035 2929 1484 2994; x_wconf 85' lang='lat' dir='ltr'>disserendum</span> <span class='ocrx_word' id='word_1_194' title='bbox 1549 2931 1674 2994; x_wconf 90' lang='lat' dir='ltr'>erit</span> <span class='ocrx_word' id='word_1_195' title='bbox 1741 2930 1833 2994; x_wconf 90' lang='lat' dir='ltr'>de</span> <span class='ocrx_word' id='word_1_196' title='bbox 1898 2932 2004 2994; x_wconf 91' lang='lat' dir='ltr'>iis</span> <span class='ocrx_word' id='word_1_197' title='bbox 2071 2932 2542 3019; x_wconf 83' lang='lat' dir='ltr'>sententiis,</span> 
     </span>
     <span class='ocr_line' id='line_1_25' title="bbox 259 3028 2541 3121; baseline -0.001 -23"><span class='ocrx_word' id='word_1_198' title='bbox 259 3056 458 3121; x_wconf 82' lang='lat' dir='ltr'>quae</span> <span class='ocrx_word' id='word_1_199' title='bbox 513 3033 930 3119; x_wconf 89' lang='lat' dir='ltr'>incipiunt</span> <span class='ocrx_word' id='word_1_200' title='bbox 983 3054 1023 3095; x_wconf 93' lang='lat' dir='ltr'>a</span> <span class='ocrx_word' id='word_1_201' title='bbox 1077 3030 1384 3096; x_wconf 90' lang='lat' dir='ltr'>litteris</span> <span class='ocrx_word' id='word_1_202' title='bbox 1430 3028 1681 3115; x_wconf 87' lang='lat' dir='ltr'><strong><em>A-N,</em></strong></span> <span class='ocrx_word' id='word_1_203' title='bbox 1739 3053 2103 3118; x_wconf 88' lang='lat' dir='ltr'>quaeque</span> <span class='ocrx_word' id='word_1_204' title='bbox 2157 3033 2238 3095; x_wconf 89' lang='lat' dir='ltr'>in</span> <span class='ocrx_word' id='word_1_205' title='bbox 2293 3034 2541 3096; x_wconf 90' lang='lat' dir='ltr'>omni-</span> 
     </span>
     <span class='ocr_line' id='line_1_26' title="bbox 258 3133 2538 3218; baseline -0.001 -18"><span class='ocrx_word' id='word_1_206' title='bbox 258 3137 409 3200; x_wconf 87' lang='lat' dir='ltr'>bus</span> <span class='ocrx_word' id='word_1_207' title='bbox 453 3134 879 3200; x_wconf 89' lang='lat' dir='ltr'>codicibus</span> <span class='ocrx_word' id='word_1_208' title='bbox 924 3142 1235 3216; x_wconf 84' lang='lat' dir='ltr'>extant,</span> <span class='ocrx_word' id='word_1_209' title='bbox 1282 3133 1352 3197; x_wconf 92' lang='lat' dir='ltr'>id</span> <span class='ocrx_word' id='word_1_210' title='bbox 1383 3143 1482 3198; x_wconf 89' lang='lat' dir='ltr'>est</span> <span class='ocrx_word' id='word_1_211' title='bbox 1512 3134 1595 3196; x_wconf 89' lang='lat' dir='ltr'>de</span> <span class='ocrx_word' id='word_1_212' title='bbox 1626 3134 1928 3198; x_wconf 87' lang='lat' dir='ltr'>versibus</span> <span class='ocrx_word' id='word_1_213' title='bbox 1965 3134 2171 3198; x_wconf 83' lang='lat'>1-34</span> <span class='ocrx_word' id='word_1_214' title='bbox 2199 3133 2344 3218; x_wconf 90' lang='lat' dir='ltr'>(A),</span> <span class='ocrx_word' id='word_1_215' title='bbox 2375 3134 2538 3197; x_wconf 89' lang='lat'>44—</span> 
     </span>
     <span class='ocr_line' id='line_1_27' title="bbox 261 3234 2537 3322; baseline -0 -21"><span class='ocrx_word' id='word_1_216' title='bbox 261 3238 339 3302; x_wconf 79' lang='grc'>78</span> <span class='ocrx_word' id='word_1_217' title='bbox 388 3236 548 3322; x_wconf 90' lang='lat' dir='ltr'>(B),</span> <span class='ocrx_word' id='word_1_218' title='bbox 606 3235 900 3300; x_wconf 79' lang='lat'>85-105</span> <span class='ocrx_word' id='word_1_219' title='bbox 947 3235 1095 3319; x_wconf 82' lang='lat' dir='ltr'>(C),</span> <span class='ocrx_word' id='word_1_220' title='bbox 1162 3235 1491 3300; x_wconf 79' lang='lat'>123—138</span> <span class='ocrx_word' id='word_1_221' title='bbox 1538 3235 1700 3319; x_wconf 89' lang='lat' dir='ltr'>(D),</span> <span class='ocrx_word' id='word_1_222' title='bbox 1753 3235 2084 3300; x_wconf 83' lang='lat'>147-162</span> <span class='ocrx_word' id='word_1_223' title='bbox 2128 3234 2286 3321; x_wconf 89' lang='lat' dir='ltr'>(E),</span> <span class='ocrx_word' id='word_1_224' title='bbox 2338 3235 2537 3300; x_wconf 86' lang='lat'>166-</span> 
     </span>
     <span class='ocr_line' id='line_1_28' title="bbox 262 3335 2545 3421; baseline -0 -20"><span class='ocrx_word' id='word_1_225' title='bbox 262 3340 383 3403; x_wconf 79' lang='lat'>192</span> <span class='ocrx_word' id='word_1_226' title='bbox 432 3338 576 3421; x_wconf 88' lang='lat' dir='ltr'>(F),</span> <span class='ocrx_word' id='word_1_227' title='bbox 626 3335 960 3401; x_wconf 78' lang='lat'>194—202</span> <span class='ocrx_word' id='word_1_228' title='bbox 1002 3335 1150 3421; x_wconf 78' lang='lat' dir='ltr'>(G),</span> <span class='ocrx_word' id='word_1_229' title='bbox 1197 3336 1533 3401; x_wconf 77' lang='lat'>203-223</span> <span class='ocrx_word' id='word_1_230' title='bbox 1580 3336 1730 3420; x_wconf 88' lang='lat' dir='ltr'>(H),</span> <span class='ocrx_word' id='word_1_231' title='bbox 1775 3335 2111 3401; x_wconf 78' lang='lat'>230-263</span> <span class='ocrx_word' id='word_1_232' title='bbox 2155 3336 2235 3421; x_wconf 89' lang='lat' dir='ltr'>(I</span> <span class='ocrx_word' id='word_1_233' title='bbox 2239 3336 2287 3420; x_wconf 92' lang='lat'>),</span> <span class='ocrx_word' id='word_1_234' title='bbox 2333 3336 2545 3400; x_wconf 80' lang='lat'>291—</span> 
     </span>
     <span class='ocr_line' id='line_1_29' title="bbox 256 3437 1767 3526; baseline -0.001 -23"><span class='ocrx_word' id='word_1_235' title='bbox 256 3441 376 3503; x_wconf 86' lang='lat'>301</span> <span class='ocrx_word' id='word_1_236' title='bbox 431 3440 571 3526; x_wconf 93' lang='lat' dir='ltr'>(L),</span> <span class='ocrx_word' id='word_1_237' title='bbox 619 3437 955 3503; x_wconf 87' lang='lat'>309—349</span> <span class='ocrx_word' id='word_1_238' title='bbox 1001 3438 1175 3523; x_wconf 85' lang='lat' dir='ltr'>(M),</span> <span class='ocrx_word' id='word_1_239' title='bbox 1220 3437 1558 3502; x_wconf 84' lang='lat'><strong>377-386</strong></span> <span class='ocrx_word' id='word_1_240' title='bbox 1606 3437 1767 3523; x_wconf 89' lang='lat' dir='ltr'>(N).</span> 
     </span>
    </p>

    <p class='ocr_par' dir='ltr' id='par_1_8' title="bbox 253 3537 2541 4547">
     <span class='ocr_line' id='line_1_30' title="bbox 429 3537 2541 3625; baseline -0.001 -22"><span class='ocrx_word' id='word_1_241' title='bbox 429 3539 580 3619; x_wconf 79' lang='lat' dir='ltr'>Qua</span> <span class='ocrx_word' id='word_1_242' title='bbox 635 3542 720 3602; x_wconf 63' lang='lat' dir='ltr'>ex</span> <span class='ocrx_word' id='word_1_243' title='bbox 775 3560 970 3602; x_wconf 84' lang='lat' dir='ltr'>causa</span> <span class='ocrx_word' id='word_1_244' title='bbox 1026 3540 1414 3621; x_wconf 89' lang='lat' dir='ltr'>sententias,</span> <span class='ocrx_word' id='word_1_245' title='bbox 1475 3538 1558 3603; x_wconf 93' lang='lat' dir='ltr'>de</span> <span class='ocrx_word' id='word_1_246' title='bbox 1611 3538 1847 3625; x_wconf 88' lang='lat' dir='ltr'>quibus</span> <span class='ocrx_word' id='word_1_247' title='bbox 1891 3538 2085 3603; x_wconf 91' lang='lat' dir='ltr'>modo</span> <span class='ocrx_word' id='word_1_248' title='bbox 2130 3537 2380 3601; x_wconf 88' lang='lat' dir='ltr'>dictum</span> <span class='ocrx_word' id='word_1_249' title='bbox 2423 3548 2541 3618; x_wconf 90' lang='lat' dir='ltr'>est,</span> 
     </span>
     <span class='ocr_line' id='line_1_31' title="bbox 257 3638 2541 3723; baseline -0.001 -17"><span class='ocrx_word' id='word_1_250' title='bbox 257 3665 477 3706; x_wconf 88' lang='lat' dir='ltr'>omnes</span> <span class='ocrx_word' id='word_1_251' title='bbox 523 3663 564 3704; x_wconf 93' lang='lat' dir='ltr'>a</span> <span class='ocrx_word' id='word_1_252' title='bbox 593 3639 880 3705; x_wconf 89' lang='lat' dir='ltr'>Publilio</span> <span class='ocrx_word' id='word_1_253' title='bbox 922 3639 1394 3705; x_wconf 88' lang='lat' dir='ltr'>abiudicandas</span> <span class='ocrx_word' id='word_1_254' title='bbox 1442 3662 1584 3705; x_wconf 89' lang='lat' dir='ltr'>esse</span> <span class='ocrx_word' id='word_1_255' title='bbox 1616 3640 2005 3723; x_wconf 76' lang='lat' dir='ltr'>censuimUS,</span> <span class='ocrx_word' id='word_1_256' title='bbox 2053 3661 2138 3702; x_wconf 82' lang='lat' dir='ltr'>ex</span> <span class='ocrx_word' id='word_1_257' title='bbox 2168 3638 2394 3701; x_wconf 89' lang='lat' dir='ltr'>eadem</span> <span class='ocrx_word' id='word_1_258' title='bbox 2424 3639 2541 3705; x_wconf 90' lang='lat' dir='ltr'>has</span> 
     </span>
     <span class='ocr_line' id='line_1_32' title="bbox 257 3740 2541 3828; baseline -0.002 -20"><span class='ocrx_word' id='word_1_259' title='bbox 257 3765 477 3808; x_wconf 88' lang='lat' dir='ltr'>omnes</span> <span class='ocrx_word' id='word_1_260' title='bbox 510 3744 572 3807; x_wconf 91' lang='lat' dir='ltr'>ei</span> <span class='ocrx_word' id='word_1_261' title='bbox 603 3741 1037 3806; x_wconf 87' lang='lat' dir='ltr'>vindicandas</span> <span class='ocrx_word' id='word_1_262' title='bbox 1071 3763 1215 3807; x_wconf 86' lang='lat' dir='ltr'>esse</span> <span class='ocrx_word' id='word_1_263' title='bbox 1245 3764 1627 3828; x_wconf 89' lang='lat' dir='ltr'>persuasum</span> <span class='ocrx_word' id='word_1_264' title='bbox 1656 3742 1845 3807; x_wconf 92' lang='lat' dir='ltr'>nobis</span> <span class='ocrx_word' id='word_1_265' title='bbox 1878 3750 1996 3806; x_wconf 88' lang='lat' dir='ltr'>est.</span> <span class='ocrx_word' id='word_1_266' title='bbox 2066 3740 2159 3806; x_wconf 93' lang='lat' dir='ltr'>Ut</span> <span class='ocrx_word' id='word_1_267' title='bbox 2190 3741 2362 3804; x_wconf 90' lang='lat' dir='ltr'>enim</span> <span class='ocrx_word' id='word_1_268' title='bbox 2391 3740 2541 3804; x_wconf 91' lang='lat' dir='ltr'>illae</span> 
     </span>
     <span class='ocr_line' id='line_1_33' title="bbox 256 3841 2538 3932; baseline -0.001 -23"><span class='ocrx_word' id='word_1_269' title='bbox 256 3845 630 3932; x_wconf 89' lang='lat' dir='ltr'>pedestrem</span> <span class='ocrx_word' id='word_1_270' title='bbox 675 3845 1031 3909; x_wconf 88' lang='lat' dir='ltr'>orationem</span> <span class='ocrx_word' id='word_1_271' title='bbox 1074 3842 1389 3926; x_wconf 89' lang='lat' dir='ltr'>redolent,</span> <span class='ocrx_word' id='word_1_272' title='bbox 1434 3845 1529 3908; x_wconf 87' lang='lat' dir='ltr'>ita</span> <span class='ocrx_word' id='word_1_273' title='bbox 1571 3844 1694 3908; x_wconf 87' lang='lat' dir='ltr'>hae</span> <span class='ocrx_word' id='word_1_274' title='bbox 1736 3854 1850 3909; x_wconf 80' lang='lat' dir='ltr'>aut</span> <span class='ocrx_word' id='word_1_275' title='bbox 1894 3843 2028 3907; x_wconf 92' lang='lat' dir='ltr'>leni</span> <span class='ocrx_word' id='word_1_276' title='bbox 2071 3841 2326 3907; x_wconf 89' lang='lat' dir='ltr'>medela</span> <span class='ocrx_word' id='word_1_277' title='bbox 2353 3842 2538 3907; x_wconf 90' lang='lat' dir='ltr'>adhi-</span> 
     </span>
     <span class='ocr_line' id='line_1_34' title="bbox 256 3943 2537 4039; baseline -0.001 -28"><span class='ocrx_word' id='word_1_278' title='bbox 256 3948 395 4011; x_wconf 81' lang='lat' dir='ltr'>bita</span> <span class='ocrx_word' id='word_1_279' title='bbox 451 3945 770 4011; x_wconf 89' lang='lat' dir='ltr'>iambicos</span> <span class='ocrx_word' id='word_1_280' title='bbox 825 3944 934 4009; x_wconf 86' lang='lat' dir='ltr'>vel</span> <span class='ocrx_word' id='word_1_281' title='bbox 987 3945 1353 4010; x_wconf 88' lang='lat' dir='ltr'>trochaicos</span> <span class='ocrx_word' id='word_1_282' title='bbox 1411 3945 1679 4032; x_wconf 83' lang='lat' dir='ltr'>explent</span> <span class='ocrx_word' id='word_1_283' title='bbox 1734 3966 2066 4039; x_wconf 79' lang='lat' dir='ltr'>numerOS,</span> <span class='ocrx_word' id='word_1_284' title='bbox 2122 3953 2236 4008; x_wconf 92' lang='lat' dir='ltr'>aut</span> <span class='ocrx_word' id='word_1_285' title='bbox 2289 3943 2537 4009; x_wconf 79' lang='lat' dir='ltr'>auxilio</span> 
     </span>
     <span class='ocr_line' id='line_1_35' title="bbox 255 4046 2540 4133; baseline -0.002 -21"><span class='ocrx_word' id='word_1_286' title='bbox 255 4050 482 4114; x_wconf 87' lang='lat' dir='ltr'>critico</span> <span class='ocrx_word' id='word_1_287' title='bbox 526 4069 611 4113; x_wconf 90' lang='lat' dir='ltr'>ne</span> <span class='ocrx_word' id='word_1_288' title='bbox 652 4046 955 4132; x_wconf 85' lang='lat' dir='ltr'>indigent</span> <span class='ocrx_word' id='word_1_289' title='bbox 999 4048 1292 4133; x_wconf 84' lang='lat' dir='ltr'>quidem3</span> <span class='ocrx_word' id='word_1_290' title='bbox 1338 4069 1416 4112; x_wconf 93' lang='lat' dir='ltr'>ac</span> <span class='ocrx_word' id='word_1_291' title='bbox 1459 4048 1627 4111; x_wconf 89' lang='lat' dir='ltr'>sicut</span> <span class='ocrx_word' id='word_1_292' title='bbox 1668 4046 1806 4111; x_wconf 90' lang='lat' dir='ltr'>illic</span> <span class='ocrx_word' id='word_1_293' title='bbox 1849 4046 2213 4110; x_wconf 90' lang='lat' dir='ltr'>cavendum</span> <span class='ocrx_word' id='word_1_294' title='bbox 2253 4053 2412 4128; x_wconf 90' lang='lat' dir='ltr'>erat,</span> <span class='ocrx_word' id='word_1_295' title='bbox 2458 4066 2540 4107; x_wconf 90' lang='lat' dir='ltr'>ne</span> 
     </span>
     <span class='ocr_line' id='line_1_36' title="bbox 256 4145 2536 4238; baseline -0.002 -25"><span class='ocrx_word' id='word_1_296' title='bbox 256 4150 505 4238; x_wconf 86' lang='lat' dir='ltr'>lepidos</span> <span class='ocrx_word' id='word_1_297' title='bbox 550 4148 868 4236; x_wconf 91' lang='lat' dir='ltr'>quosdam</span> <span class='ocrx_word' id='word_1_298' title='bbox 912 4148 1268 4214; x_wconf 84' lang='lat' dir='ltr'>versiculos</span> <span class='ocrx_word' id='word_1_299' title='bbox 1315 4147 1599 4215; x_wconf 91' lang='lat' dir='ltr'>Publilio</span> <span class='ocrx_word' id='word_1_300' title='bbox 1645 4148 2112 4231; x_wconf 89' lang='lat' dir='ltr'>tribueremus,</span> <span class='ocrx_word' id='word_1_301' title='bbox 2173 4149 2265 4210; x_wconf 90' lang='lat' dir='ltr'>ita</span> <span class='ocrx_word' id='word_1_302' title='bbox 2308 4145 2411 4210; x_wconf 91' lang='lat' dir='ltr'>his</span> <span class='ocrx_word' id='word_1_303' title='bbox 2453 4169 2536 4209; x_wconf 90' lang='lat' dir='ltr'>ne</span> 
     </span>
     <span class='ocr_line' id='line_1_37' title="bbox 254 4247 2535 4338; baseline -0.003 -22"><span class='ocrx_word' id='word_1_304' title='bbox 254 4252 653 4338; x_wconf 85' lang='lat' dir='ltr'>denegemus</span> <span class='ocrx_word' id='word_1_305' title='bbox 699 4249 844 4315; x_wconf 86' lang='lat' dir='ltr'>leve</span> <span class='ocrx_word' id='word_1_306' title='bbox 887 4250 1054 4315; x_wconf 91' lang='lat' dir='ltr'>illud</span> <span class='ocrx_word' id='word_1_307' title='bbox 1086 4251 1553 4334; x_wconf 89' lang='lat' dir='ltr'>adiumentum,</span> <span class='ocrx_word' id='word_1_308' title='bbox 1602 4273 1730 4337; x_wconf 91' lang='lat' dir='ltr'>quo</span> <span class='ocrx_word' id='word_1_309' title='bbox 1761 4248 1846 4314; x_wconf 91' lang='lat' dir='ltr'>ad</span> <span class='ocrx_word' id='word_1_310' title='bbox 1878 4251 2234 4313; x_wconf 89' lang='lat' dir='ltr'>carminum</span> <span class='ocrx_word' id='word_1_311' title='bbox 2264 4247 2535 4310; x_wconf 87' lang='lat' dir='ltr'>formam</span> 
     </span>
     <span class='ocr_line' id='line_1_38' title="bbox 253 4349 2535 4441; baseline -0.003 -23"><span class='ocrx_word' id='word_1_312' title='bbox 253 4356 682 4420; x_wconf 87' lang='lat' dir='ltr'>reducuntur:</span> <span class='ocrx_word' id='word_1_313' title='bbox 728 4353 891 4419; x_wconf 90' lang='lat' dir='ltr'>adeo</span> <span class='ocrx_word' id='word_1_314' title='bbox 937 4355 1216 4441; x_wconf 91' lang='lat' dir='ltr'>primum</span> <span class='ocrx_word' id='word_1_315' title='bbox 1261 4352 1530 4418; x_wconf 91' lang='lat' dir='ltr'>editoris</span> <span class='ocrx_word' id='word_1_316' title='bbox 1563 4352 1851 4417; x_wconf 91' lang='lat' dir='ltr'>officium</span> <span class='ocrx_word' id='word_1_317' title='bbox 1883 4360 1983 4415; x_wconf 92' lang='lat' dir='ltr'>est</span> <span class='ocrx_word' id='word_1_318' title='bbox 2013 4349 2260 4431; x_wconf 89' lang='lat' dir='ltr'>videre,</span> <span class='ocrx_word' id='word_1_319' title='bbox 2307 4357 2378 4412; x_wconf 89' lang='lat' dir='ltr'>ut</span> <span class='ocrx_word' id='word_1_320' title='bbox 2408 4350 2535 4413; x_wconf 91' lang='lat' dir='ltr'>sibi</span> 
     </span>
     <span class='ocr_line' id='line_1_39' title="bbox 253 4450 2536 4547; baseline -0.003 -24"><span class='ocrx_word' id='word_1_321' title='bbox 253 4466 529 4524; x_wconf 86' lang='lat' dir='ltr'>constet.</span> <span class='ocrx_word' id='word_1_322' title='bbox 620 4455 787 4523; x_wconf 82' lang='lat' dir='ltr'>Cum</span> <span class='ocrx_word' id='word_1_323' title='bbox 849 4457 931 4539; x_wconf 92' lang='lat' dir='ltr'>ii,</span> <span class='ocrx_word' id='word_1_324' title='bbox 1001 4456 1111 4547; x_wconf 90' lang='lat' dir='ltr'>qui</span> <span class='ocrx_word' id='word_1_325' title='bbox 1177 4454 1432 4523; x_wconf 87' lang='lat' dir='ltr'>codices</span> <span class='ocrx_word' id='word_1_326' title='bbox 1496 4455 1966 4523; x_wconf 84' lang='lat' dir='ltr'>sententiarum</span> <span class='ocrx_word' id='word_1_327' title='bbox 2020 4450 2536 4522; x_wconf 88' lang='lat' dir='ltr'>Publilianarum</span> 
     </span>
    </p>
   </div>
   <div class='ocr_carea' id='block_1_7' title="bbox 46 4633 658 5134">
    <p class='ocr_par' dir='ltr' id='par_1_9' title="bbox 46 4633 658 5134">
     <span class='ocr_line' id='line_1_40' title="bbox 46 4633 658 5134; baseline 0 50"><span class='ocrx_word' id='word_1_328' title='bbox 46 4633 658 5134; x_wconf 95' lang='lat' dir='ltr'> </span> 
     </span>
    </p>
   </div>
  </div>
 </body>
</html>
