3209 5184
1117 478 1643 528 PROLEGOMENA
1657 515 1669 526 .
2464 471 2550 532 49

370 708 377 713 ,
425 630 612 711 Quid
665 633 902 695 mirum
948 653 1022 696 eo
1076 632 1380 697 licentiae
1424 635 1823 720 processisse
1866 638 2395 720 grammaticum,
2452 647 2545 721 ut,
2620 696 2627 702 .
2685 644 2696 653 “

255 756 398 798 cum
445 756 674 807 versus
719 733 807 796 ad
852 731 1215 800 litterarum
1260 734 1554 802 ordinem
1599 746 1819 802 essent
1864 737 2194 825 dispositi,
2252 738 2362 802 vel
2406 739 2549 826 ipsa

254 838 467 923 prima
511 837 986 901 sententiarum
1029 837 1351 902 vocabula
1393 848 1849 927 transponeret
1890 849 2004 905 aut
2046 840 2439 923 immutaret,
2474 850 2549 905 ut

190 957 203 969 ·
254 961 318 1002 v.
365 940 514 1003 233.
560 939 708 1003 322.
797 938 940 1002 Iam
994 961 1150 1005 vero
1207 963 1365 1027 quas
1411 942 1768 1006 sententias
1813 964 2068 1006 morum
2111 943 2549 1009 emendationi

256 1041 517 1106 obstare
562 1040 896 1123 credebat,
940 1051 1054 1106 aut
1098 1044 1317 1108 omisit
1360 1053 1472 1108 aut
1517 1046 1826 1127 correxit,
1872 1054 1946 1109 ut
1989 1045 2234 1110 frustra
2277 1068 2548 1134 quaeras

255 1144 359 1208 his
402 1142 684 1208 similes:

470 1270 555 1328 20
596 1267 811 1343 Aperte
852 1272 1012 1330 mala
1055 1290 1188 1330 cwm
1231 1277 1312 1331 est
1353 1275 1580 1341 mulier,
1627 1278 1752 1331 tum
1795 1274 2025 1332 demum
2067 1278 2149 1332 est
2194 1274 2362 1333 bona.

470 1372 552 1430 38
597 1369 876 1431 Ammis
916 1375 1335 1434 iusiurandum
1366 1376 1623 1448 poenam
1665 1394 1789 1434 non
1829 1375 2014 1435 habet.

471 1475 553 1532 98
603 1472 751 1533 Cum
791 1477 935 1534 vitia
966 1481 1237 1549 prosunt,
1271 1482 1473 1550 peccat
1516 1479 1619 1550 qui
1659 1482 1804 1536 recte
1846 1477 2004 1548 facit.

428 1576 553 1632 541
601 1576 717 1650 Qui
748 1581 883 1649 pote
926 1579 1105 1638 celare
1146 1579 1371 1647 vitium,
1416 1580 1624 1637 vitium
1665 1598 1789 1637 ‘now
1830 1579 1990 1650 facit.

256 1708 360 1771 Ne
403 1708 594 1794 pueri
639 1707 805 1770 vitia
850 1708 1174 1773 seniorum
1218 1710 1652 1789 imitarentur,
1701 1731 1963 1773 versum
2006 1709 2131 1773 633

678 1848 796 1908 Ubi
826 1856 1027 1923 peccat
1069 1855 1230 1911 aetas
1270 1853 1477 1920 maior,
1521 1852 1673 1910 male
1716 1852 1883 1911 discit
1923 1853 2135 1920 minor,

257 1981 352 2045 ita
395 1978 700 2045 refinxit:

532 2108 539 2111 ⁸
577 2122 699 2180 Ubi
738 2128 996 2182 senectus
1027 2129 1247 2197 peceat,
1291 2126 1370 2184 ad
1413 2142 1581 2197 quem
1623 2123 1838 2198 refuyit
1878 2127 2209 2199 sapientia?

259 2254 366 2317 Cf.
401 2254 602 2317 etiam
645 2275 710 2315 V.
741 2252 888 2317 448.
979 2253 1281 2341 Denique
1324 2254 1652 2320 hominem
1696 2253 2126 2319 christianum
2169 2256 2240 2318 in
2285 2277 2359 2321 eo
2400 2278 2555 2343 quo-

261 2378 389 2442 que
434 2376 776 2440 agnoscaS,
824 2354 998 2440 quod
1043 2355 1283 2421 multus
1330 2366 1430 2421 est
1472 2359 1541 2421 in
1568 2354 1902 2421 laudanda
1930 2357 2329 2422 conscientia
2357 2367 2555 2439 recta,

263 2466 331 2521 et
375 2458 447 2521 in
489 2455 701 2520 malae
746 2455 1188 2521 sollicitudine
1233 2458 1316 2524 ob
1362 2457 1581 2525 oculos
1627 2459 1947 2546 ponenda.
2038 2458 2142 2523 Cf.
2175 2481 2238 2523 V.
2278 2460 2377 2525 97.
2415 2460 2558 2525 196.

262 2558 413 2624 200.
461 2558 606 2627 665.
652 2558 796 2623 683.

439 2659 664 2740 Quare
719 2661 833 2746 qui
887 2682 1107 2726 secum
1161 2665 1594 2752 reputaverit,
1655 2674 1967 2751 quantum
2025 2665 2387 2729 sententiae
2430 2663 2556 2728 Pu-

264 2761 440 2828 blilii
483 2764 553 2827 in
597 2761 824 2827 codice
854 2763 1198 2829 Turicensi
1240 2788 1281 2829 a
1324 2767 1604 2853 pristina
1634 2767 1843 2832 forma
1874 2766 2296 2848 desciverint,
2343 2765 2560 2830 facere

263 2887 394 2930 non
438 2867 701 2953 poterit,
735 2867 892 2951 quin
938 2864 1044 2930 eas
1076 2867 1146 2930 in
1177 2866 1414 2932 scholis
1461 2868 1964 2934 christianorum
2007 2867 2333 2933 lectitatas
2379 2867 2557 2931 ideo-

268 2989 393 3054 que
439 2966 896 3055 depravationi
939 2969 1224 3033 maxime
1269 2970 1585 3036 obnoxias
1632 2971 1837 3036 fuisse
1881 2979 2158 3035 statuat:
2204 2968 2378 3034 unde
2409 2991 2556 3034 con-

265 3069 562 3135 firmatur
589 3071 986 3159 Hieronymi
1026 3073 1471 3137 testimonium
1503 3074 1584 3136 de
1615 3096 1742 3160 quo
1773 3096 1968 3161 supra
1997 3072 2286 3138 diximus
2314 3094 2423 3159 pg.
2457 3070 2559 3136 14.

266 3171 358 3236 Et
399 3171 563 3236 haec
609 3172 874 3259 quidem
918 3173 1001 3236 de
1047 3172 1289 3239 codicis
1334 3175 1490 3239 Tur.
1537 3175 2175 3263 interpolationibus,

438 3275 506 3361 2)
555 3274 686 3340 Sed
732 3297 880 3339 cum
923 3275 1442 3361 interpolationis
1488 3278 1679 3341 initia
1721 3276 1911 3342 claris
1944 3275 2263 3364 exemplis
2295 3276 2558 3340 demon-

268 3386 473 3442 strata
531 3389 732 3463 supra
787 3367 1114 3443 saeculum
1168 3402 1430 3465 nonum·
1463 3378 1850 3462 ascendant,
1916 3377 2357 3466 quaerendum
2414 3376 2558 3459 erit,

264 3501 423 3543 num
467 3480 664 3543 etiam
708 3480 967 3546 codices
1017 3481 1302 3563 PRBF,
1351 3505 1624 3570 quorum
1668 3482 1752 3546 ad
1795 3482 1993 3547 fidem
2037 3490 2259 3569 nostra
2303 3487 2558 3543 senten-

268 3583 506 3665 tiarum
550 3583 843 3648 recensio
889 3583 1065 3649 facta
1111 3594 1230 3669 est,
1279 3585 1604 3650 similibus
1637 3586 1819 3651 vitiis
1852 3584 2173 3672 inquinati
2204 3583 2353 3646 sint.
2421 3578 2558 3644 Eos

272 3685 654 3769 integritate
712 3687 1070 3773 scripturae
1127 3685 1319 3772 longe
1374 3688 1619 3753 distare
1662 3710 1701 3752 a
1745 3688 2087 3752 Turicensi
2128 3686 2258 3750 iam
2304 3683 2564 3770 saepius

269 3783 522 3849 dictum
585 3797 717 3868 est,
773 3789 915 3851 sive
973 3789 1148 3875 quod
1204 3789 1603 3876 exemplaria
1648 3812 1732 3855 ex
1776 3790 2012 3877 quibus
2058 3787 2371 3874 descripti
2414 3794 2569 3850 sunt

266 3910 395 3952 non
440 3888 533 3952 ita
561 3876 1151 3957 innumerabilibus
1182 3892 1522 3958 scatebant
1550 3893 2171 3981 interpretamentis,
2218 3891 2361 3953 sive
2389 3886 2562 3974 quod

266 3988 553 4055 librariis
600 3992 758 4055 satis
804 3991 931 4058 fuit
975 3994 1383 4082 prudentiae,
1429 4004 1503 4059 ut
1546 3994 2082 4087 interpolationes
2127 3993 2211 4057 ab
2242 3992 2405 4080 ipsis
2437 3989 2562 4052 Pu-

266 4091 437 4156 blilii
481 4092 704 4157 verbis
751 4094 1216 4161 discernerent.
1304 4095 1750 4163 Nihilominus
1798 4097 2084 4162 excitata
2129 4106 2229 4160 est
2274 4091 2561 4178 suspicio

265 4193 412 4259 fieri
454 4196 746 4282 potuisse
791 4206 864 4261 ut
909 4197 1233 4264 similibus
1281 4199 1363 4263 de
1409 4200 1621 4264 causis
1667 4199 1906 4265 similia
1950 4199 2117 4262 vitia
2157 4198 2561 4281 ingruerent.

434 4296 578 4362 Iam
622 4298 796 4385 quod
839 4299 925 4363 ad
958 4303 1505 4388 comparationem
1535 4301 2014 4367 adiectivorum
2042 4299 2351 4386 pertinet,
2384 4293 2562 4358 haud

266 4397 585 4466 dissimile
631 4410 751 4484 est,
799 4401 973 4489 quod
1017 4402 1087 4466 in
1132 4402 1303 4467 Fris.
1349 4402 1594 4489 legitur
1638 4427 1698 4469 v.
1730 4403 1890 4487 2273
1933 4399 2170 4466 similis
2220 4398 2465 4463 codicis
2497 4395 2568 4460 E

269 4501 709 4590 discrepantia
765 4527 828 4566 V.
874 4505 1029 4568 317:
1096 4505 1180 4569 cf.
1236 4505 1458 4571 adnot.
1517 4526 1772 4594 quoque
1825 4503 1910 4568 ad
1965 4525 2032 4566 v.
2084 4500 2226 4566 198.
2314 4498 2563 4564 Verum

366 4617 620 4657 Punnmrus
647 4617 816 4658 Sume.
2122 4611 2156 4658 4
