3209 5184
658 446 739 510 96
971 451 976 455 ’
1291 457 1600 506 PUBLILII
1648 457 1804 505 SYRI
1850 438 2309 506 SENTENTIAE.

820 612 1097 678 Occasio
1143 633 1340 696 aegre
1366 609 1674 692 offertur,
1719 607 1915 673 facile
1957 608 2300 674 amittitur.

649 733 784 773 prov.
828 713 1144 779 Peccandi
1196 715 1320 779 duo
1375 717 1524 777 sunt
1573 732 1836 795 ymera,
1896 711 2079 776 aliud
2131 731 2205 775 ex
2234 711 2585 794 proposit0‚
2644 711 2829 775 aliud
2867 730 2955 774 ex

1868 813 2271 896 neyleyentia.

823 873 1122 999 leiffe
1165 921 1331 981 metu
1363 935 1625 998 peceare
1668 919 1923 993 cessant,
1969 934 2099 979 non
2140 916 2517 980 innocentia.

825 1017 1118 1101 Profecto
1165 1018 1318 1082 tales
1361 1018 1603 1095 timidis
1631 1036 1763 1082 non
1803 1017 2155 1081 innoeentes
2196 1017 2456 1081 dicendi.

828 1119 1224 1201 Priusquam
1253 1120 1595 1202 promittas
1638 1119 1968 1198 deliberes,·
1989 1123 2063 1182 ut
2103 1138 2245 1184 oum
2273 1119 2647 1201 promiseris
2684 1117 2919 1199 facias

578 1205 581 1214 ³
699 1229 785 1288 40
830 1221 1033 1286 Prius
1073 1222 1132 1286 si
1173 1221 1513 1303 neyaveris,
1556 1220 1772 1300 secisse
1805 1224 2023 1304 postea
2060 1219 2280 1301 fallere
2323 1224 2427 1284 est.

829 1322 1100 1406 Propter
1143 1342 1401 1389 oausam
1443 1322 1644 1388 multa
1696 1324 1897 1387 amico
1942 1321 2152 1401 dabis,
2208 1323 2442 1387 multae
2484 1341 2713 1387 causae
2754 1322 2959 1386 etiam

1110 1435 1119 1446 ‘
1868 1427 2087 1488 eontra
2130 1425 2423 1488 amioum.

835 1527 967 1593 Pro
1011 1548 1079 1592 eo
1122 1527 1471 1610 reliyiosior
1513 1526 1657 1609 eris,
1702 1545 1821 1607 quo
1865 1525 2105 1589 melior.

829 1629 1206 1696 Praestabis
1236 1627 1615 1711 parentibus
1648 1628 1963 1709 pietatem,
2011 1626 2290 1710 eoynatis
2332 1626 2730 1691 dilectionem.
2827 1626 2834 1632 ’
2869 1645 2880 1656 ·

830 1730 1200 1798 Praestabis
1243 1730 1467 1794 amieis
1507 1729 1713 1812 fidem,
1760 1729 2050 1794 omnibus
2094 1729 2486 1809 aequitatem.

709 1839 791 1897 45
840 1833 1072 1899 Pacem
1114 1852 1255 1897 eum
1298 1831 1657 1896 hominibus
1699 1830 1966 1909 habebis,
2015 1830 2237 1895 bellum
2280 1850 2420 1894 oum
2461 1831 2650 1895 vitiis

833 1933 1148 1999 Pecuniae
1187 1935 1501 2015 imperare
1543 1937 1793 2017 oportet,
1836 1952 1967 1998 non
2007 1933 2255 1997 servire.
2365 1951 2370 1956 ’

833 2036 1119 2101 Pecunia
1161 2037 1221 2100 si
1262 2037 1360 2099 uti
1400 2035 1582 2113 scias,
1632 2035 1869 2100 ancilla
1911 2039 2026 2114 est,
2070 2036 2130 2098 si
2170 2036 2429 2114 nescias,
2476 2035 2752 2099 domina.

832 2136 1117 2203 Pecunia
1157 2157 1289 2201 non
1330 2138 1527 2201 satiat
1567 2137 1935 2219 avaritiam,
1978 2137 2087 2200 sed
2127 2137 2371 2200 inritat.

835 2238 1176 2305 Putandus
1216 2239 1327 2304 est’
1344 2243 1501 2304 recte
1538 2237 1767 2319 fortior
1810 2258 1866 2319 ςγ
1883 2261 1889 2268 ·
1908 2239 2328 2302 'sseveniditates
2370 2258 2562 2319 quam
2591 2238 2701 2318 qui
2748 2236 2959 2302 hostes

718 2451 800 2510 50
846 2442 1079 2508 Peiora
1120 2447 1272 2508 sunt
1310 2446 1465 2507 tecta
1509 2443 1658 2505 odia
1702 2436 1906 2522 quam*
1935 2446 2175 2523 aperta.

835 2544 1187 2627 Propterea
1239 2549 1294 2608 te
1348 2544 1578 2625 loquax
1632 2544 1928 2607 inimicus
1969 2543 2182 2607 minus
2226 2563 2417 2624 quam
2461 2544 2813 2608 taciturnus
2856 2544 2956 2625 of-

1362 2657 1368 2666 ·
1863 2645 2082 2725 sendit.
2151 2629 2170 2642 ”
2846 2663 2853 2671 ·

847 2747 1222 2813 Prooeimum
1277 2748 1357 2811 ab
1413 2749 1804 2832 innocentia*
1835 2751 1992 2811 tenet
2046 2747 2244 2811 locum
2305 2747 2653 2812 'verecunda
2706 2749 2959 2830 peceati

1868 2847 2184 2929 confessiO.

664 3095 929 3138 CODICES
961 3097 1013 3134 v.
1045 3076 1411 3135 436—449:
1443 3078 1501 3133 F
1525 3075 1648 3151 (T),
1693 3076 1950 3133 Proverb.
1981 3078 2147 3134 PRF
2170 3075 2335 3150 (EC),
2365 3077 2432 3133 M

661 3222 749 3270 tur
780 3215 938 3269 citius
969 3215 1042 3285 F,
1074 3213 1165 3269 ubi
1197 3229 1383 3269 omnes
1413 3221 1668 3288 peccant,
1712 3229 1837 3288 spes
1869 3213 2119 3287 querelae
2150 3211 2411 3285 (medelae
2439 3211 2772 3284 Froehlich)
2803 3213 2957 3269 tolli-

659 3306 747 3354 tur
767 3298 829 3354 T.
867 3298 959 3370 Cf.
975 3318 1024 3356 v.
1039 3298 1183 3356 435.
1230 3293 1447 3354 'Omnes
1471 3315 1591 3355 cum
1617 3300 1845 3373 peccant
1859 3298 2089 3369 occulte,
2105 3297 2329 3372 peceant
2348 3299 2544 3353 iterum
2567 3298 2727 3353 citius
2740 3297 2959 3371 Meyer

829 3383 909 3444 36
956 3399 1123 3438 unum
1155 3399 1219 3439 ex
1251 3400 1409 3457 prop.
1443 3384 1599 3440 Vino.
1617 3384 1788 3455 B.sp.
1805 3386 1857 3441 d.
1872 3382 1933 3457 4,
1955 3383 2096 3454 106,
2120 3399 2287 3439 unum
2319 3400 2446 3454 sup.
2469 3400 2588 3439 scr.
2614 3382 2696 3438 vel
2727 3382 2872 3438 aliud
2898 3384 2964 3438 E

826 3483 890 3523 ex
922 3468 1067 3542 negl.
1099 3468 1186 3523 vel
1218 3468 1509 3542 fragilitate
1540 3470 1596 3524 F
1765 3469 1843 3526 37
1890 3467 1963 3541 pl.
1995 3483 2124 3525 vero
2157 3460 2510 3525 metu‘Vinc.
2544 3484 2627 3539 sp.
2654 3470 2707 3524 d.
2733 3466 2794 3536 4,
2822 3467 2952 3525 106

827 3552 907 3609 38
954 3553 1202 3627 profecto
1247 3553 1382 3609 tales
1413 3553 1527 3609 ΓΕ
1570 3553 1722 3611 Vino.
1766 3551 1838 3624 4,
1874 3553 2025 3610 106:
2070 3552 2322 3627 prosectu
2362 3553 2497 3609 tales
2538 3554 2626 3624 R,
2665 3551 2955 3626 profectus

660 3637 779 3693 talis
803 3639 858 3694 P
1055 3637 1135 3696 39
1181 3632 1469 3716 deliberes]
1502 3637 1791 3712 providere
1821 3636 1985 3694 debes
2034 3639 2189 3695 Vino.
2224 3638 2294 3694 B.
2328 3655 2416 3710 sp.
2448 3640 2502 3695 d.
2533 3636 2595 3708 4,
2630 3635 2748 3694 175

658 3716 747 3797 ut]
779 3730 834 3777 et
863 3723 930 3779 M
958 3722 1038 3779 25
1195 3717 1344 3799 cum]
1382 3723 1529 3797 quod
1577 3724 1736 3780 Vino.
1910 3721 1989 3778 41
2037 3718 2293 3799 propter]
2327 3731 2541 3797 praeter
2569 3723 2616 3778 L
2757 3729 2956 3777 contra

658 3808 831 3863 amico
862 3808 967 3864 PR
1181 3807 1263 3864 43
1308 3807 1392 3864 44
1434 3808 1501 3865 M
1529 3807 1613 3866 30
1836 3801 2210 3884 dilectionem]
2243 3807 2632 3882 indulgentiam
2661 3807 2726 3863 M

656 3890 739 3947 45
787 3890 857 3946 M
881 3890 961 3949 34
1133 3890 1214 3949 46
1260 3892 1330 3948 M
1355 3892 1434 3949 58
1617 3893 1697 3949 47
1742 3893 1970 3966 pecunia
1999 3892 2157 3949 FEC
2201 3892 2354 3950 Vino.
2383 3893 2456 3948 B.
2490 3909 2575 3963 sp.
2607 3894 2662 3948 d.
2694 3890 2758 3964 4,
2794 3891 2954 3948 144:

655 3977 938 4049 pecuniam
970 3976 1075 4032 PR
1277 3979 1482 4033 nescias
1513 3977 1706 4034 PRE:
1736 3978 1912 4034 nescis
1942 3978 2000 4033 F
2043 3979 2199 4035 Vinc.
2401 3976 2481 4033 48
2528 3977 2795 4032 avaritiam
2826 3975 2965 4033 ΒΜ

660 4061 811 4118 101:
858 4061 1074 4117 avaritia
1104 4060 1186 4134 P,
1229 4078 1443 4117 avarum
1473 4063 1613 4134 FE,
1646 4079 1834 4118 aurum
1868 4062 1912 4119 0
2108 4061 2187 4119 49
2233 4062 2303 4118 M
2326 4062 2429 4134 81,
2477 4063 2634 4119 Vinc.
2667 4062 2739 4117 B.
2774 4077 2862 4133 sp.
2893 4063 2952 4118 d.

663 4143 726 4216 4,
764 4144 899 4202 144.
935 4146 995 4218 5,
1029 4144 1109 4203 25
1322 4141 1547 4223 subicit]
1583 4148 1772 4203 vicerit
1816 4147 1972 4204 Vino.
2007 4148 2066 4218 5,
2098 4146 2199 4218 25,
2231 4166 2309 4204 an
2339 4146 2577 4226 subigit?
2789 4161 2954 4219 quam

662 4230 754 4303 qui
786 4231 929 4288 MF:
978 4240 1245 4305 tamquam
1277 4232 1470 4302 PRE,
1515 4240 1636 4306 put.
1670 4240 1754 4288 est
1795 4232 1952 4288 sortis
1984 4235 2078 4307 qui
2117 4231 2312 4288 subicit
2349 4233 2472 4288 vitia
2503 4232 2655 4305 quasi
2685 4231 2875 4286 hostes
2909 4229 2962 4286 0

827 4315 925 4374 50.
973 4314 1050 4373 51
1100 4317 1204 4374 EC
1244 4316 1404 4375 Vino.
1437 4319 1509 4373 B.
1544 4334 1634 4389 sp.
1668 4319 1722 4373 d.
1756 4315 1817 4388 4,
1856 4316 1996 4389 135,
2026 4317 2093 4374 M
2120 4316 2200 4375 52
2400 4316 2787 4390 perniciosiora
2819 4317 2952 4372 cod.

656 4401 851 4458 Paris.
883 4399 1046 4458 4841
1225 4402 1345 4458 odia
1377 4421 1480 4459 om.
1530 4403 1690 4460 Vino.
1861 4395 2180 4478 propterea]
2213 4402 2397 4476 itaque
2426 4402 2492 4458 M
2659 4402 2856 4457 tacitus
2887 4401 2963 4457 M

827 4484 919 4574 52-
951 4485 1014 4542 ab
1058 4487 1365 4543 innocentia
1395 4486 1627 4545 PbRE:
1669 4485 1734 4541 ad
1776 4488 2137 4544 innocentiam
2169 4487 2227 4542 F
2267 4487 2420 4543 Vino.
2454 4488 2525 4542 B.
2557 4501 2642 4557 sp.
2675 4488 2729 4542 d.
2764 4484 2835 4559 5,
2869 4485 2953 4542 22

2509 4905 3207 5165 Α
