3209 5184
1279 1622 1716 1711 Sententiae
1777 1625 2261 1713 Turicenses.

727 1858 731 1862 ·
789 1825 954 1890 Cum
1000 1845 1144 1889 sese
1187 1824 1394 1888 vincit
1440 1824 1722 1910 sapienS‚
1769 1826 2037 1888 minime
2084 1826 2389 1891 vincitur.

621 1932 741 1991 655
789 1926 1032 1991 Contra
1077 1926 1329 1991 hostem
1372 1934 1485 1990 aut
1530 1924 1760 1990 fortem
1808 1936 2064 2012 oportet
2110 1949 2252 1992 esse
2294 1937 2406 2007 aut
2450 1926 2831 2014 supplicem.

788 2027 935 2093 Cito
981 2026 1238 2114 culpam
1282 2027 1576 2112 effugias,
1625 2028 1684 2091 si
1725 2027 2078 2092 incurrisse
2119 2031 2428 2115 paenitet.

786 2128 1146 2194 Consilium
1190 2130 1260 2193 in
1302 2129 1601 2194 adversis
1647 2128 1987 2216 prudentis
2033 2130 2388 2195 remedium
2436 2140 2553 2195 est.

787 2231 949 2296 Cum
994 2231 1257 2295 inimico
1302 2231 1613 2315 ignoscis,
1659 2232 1901 2295 amicos
1946 2240 2165 2316 gratos
2212 2254 2570 2320 comparas.

787 2332 1260 2418 (Contubernia
1315 2330 1450 2396 illic
1509 2341 1662 2397 sunt
1714 2332 2156 2416 lacrimarum,
2224 2333 2484 2421 quando
2536 2335 2913 2401 misericors

1835 2435 2155 2522 conspicit
2199 2436 2558 2524 miserum.)

619 2545 741 2604 660
788 2536 1072 2622 (Durum
1118 2545 1216 2601 est
1262 2536 1584 2622 denegare
1629 2538 1969 2623 superiori,
2017 2558 2164 2601 cum
2207 2537 2447 2604 debeas
2484 2538 2906 2625 supplicare.)

786 2797 908 2855 654
953 2793 983 2827 '¹‘
1013 2815 1164 2854 sese:
1209 2806 1380 2854 semet
1417 2799 1476 2853 T.
1559 2799 1778 2855 Eadem
1804 2800 2000 2873 forma
2036 2804 2095 2858 in
2128 2802 2247 2857 cod.
2287 2801 2593 2857 Turicensi
2627 2801 2790 2873 infra
2821 2804 2879 2859 le

613 2887 790 2958 yitur,
822 2890 994 2939 semet
1025 2902 1074 2940 v.
1103 2882 1222 2940 672
1254 2884 1353 2940 ubi
1379 2900 1498 2939 sese
1528 2887 1643 2940 iam
1667 2883 1963 2956 Hauptius
1993 2890 2274 2957 correxit,
2308 2894 2360 2943 et
2391 2884 2605 2942 sibimet
2631 2890 2689 2942 in
2722 2888 2903 2944 adno-

615 2974 830 3026 tatione
861 2971 941 3024 ad
966 2987 1016 3025 v.
1050 2966 1197 3040 421,
1228 2969 1326 3026 ubi
1352 2967 1744 3043 Frisinyensis
1772 2968 1872 3025 sihi
1904 2972 2135 3027 exhibet
2166 2989 2201 3027 a
2232 2977 2411 3028 metro
2443 2988 2667 3044 quoque
2695 2971 2900 3044 defen·

615 3070 755 3113 sum.
829 3054 1113 3110 Publilius
1155 3060 1257 3110 aut
1301 3057 1358 3109 in
1404 3056 1635 3127 vulyari
1671 3058 2027 3126 pronominis
2050 3056 2247 3128 forma
2281 3059 2597 3129 acquievit,
2640 3057 2816 3113 veluti
2842 3060 2904 3112 in

612 3142 742 3196 loco
782 3139 1059 3195 simillimo
1103 3157 1153 3198 v.
1191 3136 1270 3195 64
1311 3136 1396 3193 Bis
1439 3138 1633 3210 vincit,
1678 3139 1769 3212 qui
1810 3155 1868 3195 se
1911 3139 2074 3195 vincit
2114 3141 2170 3195 in
2201 3141 2453 3212 victoria,
2498 3147 2600 3197 aut
2641 3141 2912 3197 vocabuli

615 3227 722 3280 vim
764 3226 1003 3280 intendit
1046 3225 1237 3280 addito
1277 3223 1394 3297 ipse
1426 3221 1529 3295 (cf.
1563 3242 1612 3280 v.
1646 3222 1790 3281 415.
1824 3223 1968 3281 464.
2002 3224 2145 3282 473.
2180 3223 2322 3282 545.
2360 3225 2500 3283 601.
2536 3224 2674 3282 615.
2713 3223 2906 3297 619.)‚

615 3315 717 3366 aut
761 3324 903 3366 usus
944 3315 1028 3364 est
1069 3311 1375 3378 composito
1418 3324 1569 3377 sese,
1614 3313 1675 3364 ut
1706 3326 1755 3364 v.
1791 3307 1915 3366 584
2089 3308 2209 3367 655
2256 3309 2549 3383 supplicem
2582 3313 2797 3382 scripsi
2825 3326 2908 3367 ea:

616 3395 954 3451 coniectura
985 3392 1363 3448 Froehlichii:
1408 3391 1702 3465 simplicem
1741 3393 1802 3448 T.
1896 3394 1961 3450 Si
1998 3393 2208 3450 felicem
2250 3398 2461 3466 mavi-3,
2504 3396 2657 3467 quod
2695 3412 2743 3451 v.
2778 3394 2902 3452 246

614 3480 969 3535 commendes
998 3484 1089 3532 aut
1119 3476 1275 3532 sortis
1307 3484 1399 3532 aut
1428 3475 1577 3546 felix,
1609 3478 1941 3535 de‘senario
1972 3480 2415 3550 desperandum.
2475 3541 2486 3551 ,
2557 3477 2676 3536 656
2722 3470 2758 3510 *
2787 3479 2905 3535 cul·

612 3580 732 3638 pam
764 3562 1019 3637 effugias:
1052 3561 1206 3636 culpa
1240 3560 1454 3636 effugiri
1485 3569 1669 3635 potest
1691 3562 1752 3634 T,
1770 3570 1831 3618 ut
1862 3582 1910 3620 v.
1932 3562 2050 3619 154
2082 3562 2309 3638 effugire
2338 3567 2397 3621 in
2430 3565 2593 3620 codd.
2625 3562 2724 3621 PR
2755 3568 2903 3621 scri-

609 3654 770 3722 ptum
802 3655 888 3704 est
900 3672 919 3712 ‚·
961 3647 1172 3722 culpam
1214 3645 1440 3721 effugies
1478 3645 1684 3719 Orelli,
1729 3664 1775 3702 c.
1810 3647 2022 3722 effugiri
2061 3649 2205 3722 potis
2244 3656 2330 3704 est
2360 3649 2725 3706 Ribbeckius.
2812 3650 2905 3706 De

607 3731 812 3803 futuro
846 3751 881 3788 a
911 3734 1148 3789 Publilii
1174 3748 1282 3788 usu
1314 3735 1500 3789 alieno
1533 3738 1587 3788 et
1616 3734 1687 3789 de
1712 3734 2053 3806 pyrrhichio
2085 3734 2194 3789 cito
2224 3734 2304 3806 cf.
2337 3735 2562 3807 Proleq.
2591 3732 2906 3809 p9.56.60

764 3814 882 3874 657
929 3811 959 3845 *
981 3815 1261 3890 prudentis
1283 3815 1485 3872 remed.
1510 3825 1619 3872 est:
1654 3816 1945 3874 medicinae
1968 3835 2012 3873 r.
2037 3836 2092 3892 p.
2111 3825 2194 3873 est
2229 3817 2295 3889 T,
2322 3820 2394 3874 de
2424 3836 2535 3892 quo
2561 3822 2903 3892 ylossemate

613 3901 695 3975 cf.
727 3901 957 3974 Proley.
987 3919 1082 3974 pq.
1115 3899 1215 3957 48.
1307 3901 1493 3958 Verba
1523 3901 1581 3960 in
1612 3900 1846 3958 adversis
1878 3905 2037 3959 nolui
2061 3905 2396 3974 sollicitare,
2429 3906 2563 3975 quia
2594 3904 2902 3961 Publilium

611 3990 848 4059 sapiunt
860 4010 880 4051 ‚·
924 3986 1004 4059 cf.
1041 4003 1089 4042 v.
1124 3984 1264 4042 208.
1298 3982 1441 4041 491.
1477 3984 1620 4042 593.
1658 3987 1797 4044 608.
1888 3986 2182 4043 Consilium
2215 3986 2406 4043 medici
2449 3988 2741 4044 remedium
2770 4005 2902 4062 pru·

611 4071 787 4127 dentis
832 4079 916 4126 est
956 4070 1036 4129 M.
1083 4069 1382 4141 Hauptius
1423 4070 1630 4127 Philol.
1673 4071 1725 4128 Ι.
1771 4071 1911 4129 665.
2002 4072 2091 4129 An
2136 4080 2221 4129 est
2265 4074 2657 4145 paraphrasis
2695 4089 2903 4130 versus

612 4155 774 4214 282?
948 4153 1067 4212 658
1114 4155 1312 4210 amicus
1350 4155 1424 4228 T,
1466 4173 1582 4212 non
1615 4157 1845 4228 amicos,
1890 4165 1952 4213 ut
1995 4159 2167 4214 edidit
2203 4156 2382 4213 Orelli
2549 4165 2733 4232 gratos
2763 4158 2897 4214 Joh.

611 4242 868 4316 Siyyius:
912 4240 1081 4314 gratis
1123 4239 1414 4314 conplures
1455 4241 1515 4297 T.
1607 4239 1775 4308 Quod
1812 4246 2059 4299 restituit
2093 4243 2445 4299 Ribbeckius
2485 4241 2700 4317 plureS‚
2741 4243 2905 4300 haud

607 4328 747 4382 mihi
777 4326 1100 4397 probatur,
1142 4328 1257 4382 nisi
1297 4327 1388 4381 uni
1418 4327 1711 4382 addideris
1740 4329 1937 4397 priori
1964 4331 2277 4384 enuntiato.
2368 4326 2457 4400 Cf.
2490 4346 2540 4384 v.
2575 4326 2715 4385 243.
2749 4327 2898 4385 310.

611 4410 754 4469 363.
790 4409 933 4467 535.
970 4409 1111 4468 686.
1149 4410 1288 4468 693.
1406 4427 1682 4486 comparas
1713 4412 2042 4483 Hauptius:
2071 4411 2307 4486 adquiris
2338 4413 2388 4468 T
2498 4411 2618 4470 659
2652 4409 2899 4489 quando]

606 4496 848 4552 debetur
876 4499 1300 4570 interpolatori,
1333 4502 1395 4554 ut
1426 4516 1476 4555 v.
1515 4495 1636 4552 115
1810 4496 1934 4555 660
1978 4495 2069 4569 Cf.
2102 4515 2153 4556 v.
2189 4497 2331 4556 661.
2392 4496 2646 4554 Durumst
2675 4513 2897 4571 negare,
