3209 5184
1148 453 1710 510 PROLEGOMENA.
1733 452 1738 456 ’
2451 476 2454 487 ·
2488 447 2568 513 57
2623 522 2630 525 ,

451 615 779 703 Sequente
820 623 1215 680 consonante
1257 636 1334 681 us
1376 614 1496 700 (α’)
1545 617 1786 703 corripi
1828 636 2047 703 posse,
2104 637 2270 703 quae
2315 626 2414 681 est
2456 639 2568 681 an-

265 721 637 806 tiquiorum
680 725 1015 804 poetarum
1057 715 1354 805 licentia,
1411 739 1641 804 parum
1686 716 2001 782 credibile
2047 727 2177 801 est,
2236 740 2383 781 cum
2425 740 2568 805 per-

216 840 237 859 ·
267 822 472 909 pauci
528 841 793 900 versus,
848 820 919 881 in
963 818 1199 904 quibus
1254 819 1323 883 id
1369 818 1618 883 factum
1673 840 1817 883 esse
1861 820 2156 903 videtur,
2215 818 2569 883 lenissimis

266 921 592 986 remediis
660 921 877 984 sanari
931 920 1202 1006 possint.
1293 919 1395 984 Cf.
1453 941 1519 982 V.
1572 921 1697 985 387
1708 973 1722 994 .,
1780 921 1928 985 632.
2014 920 2248 1008 Itaque
2303 921 2573 986 videtur

269 1021 638 1103 Publilius,
694 1021 779 1085 ob
822 1042 1183 1085 sermonem
1242 1021 1662 1108 purissimum
1716 1031 1898 1086 tanto
1944 1044 2135 1110 opere
2180 1022 2569 1105 celebratuS,

202 1186 211 1193 .
272 1128 351 1190 in
393 1134 538 1189 arte
583 1145 841 1210 quoque
884 1122 1374 1210 pangendorum
1417 1144 1726 1186 versuum
1770 1126 2035 1211 propior
2079 1147 2221 1189 esse
2251 1125 2567 1209 Vergilio,

273 1250 479 1314 quam
508 1225 739 1289 Plauto
784 1233 850 1288 et
890 1225 1196 1289 Lucretio
1241 1246 1516 1311 quoque,
1562 1236 1637 1290 ut
1680 1246 1943 1290 versum
1972 1226 2096 1290 638
2130 1228 2396 1311 (yravi’)
2442 1250 2569 1291 non

270 1328 650 1417 profectum
694 1348 836 1390 esse
877 1348 918 1389 a
960 1325 1243 1396 Publilio
1289 1322 1407 1412 pro
1453 1336 1631 1391 certo
1674 1327 1988 1391 affirmari
2032 1328 2262 1415 possit.

452 1427 775 1508 Quintum
817 1429 1216 1492 senariorum
1259 1428 1494 1514 pedem
1522 1450 1668 1492 raro
1698 1427 2050 1492 admodum
2080 1439 2375 1494 constare
2406 1430 2568 1492 iam-

274 1535 367 1598 bo
422 1553 587 1618 puro
653 1551 758 1594 res
814 1540 912 1593 est
976 1531 1341 1595 notissima.
1428 1512 1940 1594 Excusationem
2016 1530 2276 1618 quidem
2335 1530 2576 1594 habent

275 1631 604 1700 vocabula
658 1632 943 1717 quinque
997 1630 1106 1695 vel
1160 1653 1279 1696 sex
1324 1630 1756 1719 syllabarum,
1812 1654 1915 1696 ex.
1963 1655 2062 1717 gr.
2111 1655 2176 1697 v.
2221 1633 2306 1697 34
2345 1633 2571 1697 sollici-

274 1738 551 1814 tudinis,
618 1755 683 1795 v.
726 1733 820 1796 -77
878 1735 1309 1799 misericordia
1322 1759 1344 1813 ,·
1411 1732 1529 1798 sed
1583 1743 1759 1798 recte
1815 1735 2079 1821 pessimi
2137 1755 2368 1797 versus
2429 1755 2573 1797 esse

273 1839 691 1919 iudicantur,
762 1857 906 1899 cum
972 1836 1272 1921 quintum
1327 1845 1391 1900 et
1445 1846 1705 1900 sextum
1770 1836 2003 1923 pedem
2072 1835 2202 1902 duo
2258 1834 2575 1900 vocabula

275 1937 612 2025 bisyllaba
656 1947 1023 2023 occupant„
1083 1936 1306 2016 Quare
1349 1936 1509 2002 ferri
1552 1935 1728 2002 nullo
1771 1936 1965 2004 modo
2009 1940 2223 2025 potuit
2267 1959 2332 2001 V.
2381 1937 2499 2001 10:

860 2094 1055 2153 Amice:
1102 2097 1241 2153 cilia
1282 2097 1335 2153 si
1376 2095 1554 2167 feras,
1596 2097 1748 2168 facis
1789 2100 1914 2163 tua,

279 2244 400 2308 sed
466 2241 913 2329 adstipulante
979 2242 1201 2306 codice
1257 2242 1609 2307 Basiliensi
1676 2240 2094 2306 scribendum
2158 2242 2285 2307 fuit
2345 2244 2571 2324 facias.

281 2345 739 2432 Suspicionem
793 2344 1100 2408 movebat
1142 2342 1250 2407 vel
1291 2366 1331 2408 a
1374 2354 1579 2411 metro
1626 2366 1691 2408 v.
1736 2344 1863 2409 536
1908 2394 1923 2409 .
1973 2394 1987 2407 .
2035 2393 2050 2409 .
2097 2346 2289 2409 datur
2320 2345 2575 2427 probis;

280 2432 619 2511 reicienda
662 2446 792 2509 fuit
837 2467 901 2508 v.
947 2445 1074 2509 322
1118 2447 1516 2511 coniectura:

566 2605 779 2662 Mimos
820 2610 901 2662 cst
945 2624 1120 2677 quam
1161 2624 1362 2663 seroces
1403 2606 1712 2672 clome'nusf
1738 2607 1840 2678 (μιὶ
1880 2624 2017 2664 suos
2061 2606 2234 2664 timet.

280 2753 367 2816 V.
414 2752 536 2817 307
584 2751 631 2836 (.
676 2800 695 2829 ‚.
744 2801 759 2814 .
803 2752 973 2832 ἐφιεὶς
1014 2752 1242 2836 potest)
1300 2753 1599 2837 quintum
1651 2750 1886 2839 pedem
1943 2752 2269 2838 spondeus
2326 2750 2571 2837 explet,

282 2868 357 2919 ut
401 2853 595 2918 modo
641 2851 949 2933 vidimuS,
994 2874 1126 2916 non
1168 2852 1448 2917 iambuS.
1536 2846 1854 2939 Adeoque
1883 2852 2208 2918 Publilius
2252 2856 2321 2918 in
2352 2855 2577 2938 quinta

286 2956 443 3020 sede
484 2951 807 3019 voeabula
847 2952 1128 3017 iambica
1173 2955 1472 3035 evitavit,
1518 2963 1591 3018 ut
1635 2976 1700 3017 v.
1730 2955 1880 3037 584,
1928 2976 2121 3041 quem
2161 2953 2424 3042 plurimi
2455 2975 2571 3039 pro

286 3059 544 3122 senario
575 3055 841 3135 habent,
887 3053 1188 3120 maluerit
1218 3056 1505 3121 scribere
1521 3059 1742 3139 possit,
1789 3078 1983 3142 quam
2017 3055 2192 3142 quod
2223 3054 2333 3118 lex
2360 3076 2573 3138 gram-

278 3160 524 3223 matica
567 3155 962 3245 postulabat,
998 3161 1216 3239 potest.
1303 3155 1513 3222 Multa
1555 3157 1627 3220 in
1668 3167 2010 3244 utramque
2053 3166 2307 3245 partem
2351 3155 2575 3242 dispu-

288 3262 414 3324 tari
455 3281 647 3348 posse
691 3258 776 3322 de
821 3258 1190 3322 coniectura
1232 3268 1456 3323 nostra
1499 3259 1585 3322 ad
1629 3282 1695 3322 v.
1741 3258 1863 3324 651
1909 3259 2163 3346 prolata
2329 3279 2335 3285 ·
2399 3286 2412 3295 ‘

833 3416 958 3474 Viri
1001 3418 1139 3475 boni
1180 3422 1261 3475 est
1302 3420 1520 3476 nescire
1560 3419 1851 3478 iniuriam
1883 3423 2037 3492 pati,

294 3568 418 3652 ipsi
458 3566 817 3629 amicorum
844 3563 1400 3629 admonitionibus
1433 3567 1694 3651 experti
1722 3588 1962 3629 sumus,
2039 3565 2171 3631 Sed
2201 3563 2576 3649 scrupulum

295 3669 597 3741 iniectum
640 3664 725 3730 de
769 3665 986 3730 iambo
1031 3667 1098 3729 in
1142 3666 1311 3753 pede
1356 3668 1581 3753 quinto
1626 3666 1915 3764 admisso
1961 3668 2193 3732 eximit
2237 3688 2301 3729 v.
2346 3665 2472 3730 592

663 3845 672 3852 ·
778 3824 961 3898 Saepe
1002 3826 1348 3900 ignoscendo
1392 3826 1489 3884 des
1533 3828 1790 3884 iniuriae
1833 3828 2035 3893 locum,

293 3973 670 4057 praesertim
715 3993 862 4034 cum
902 3994 1033 4036 non
1077 3973 1163 4037 sit
1207 3971 1596 4036 vocabulum
1638 3972 2069 4059 bisyllabum,
2129 3970 2303 4057 quod
2348 3970 2572 4034 sedem

297 4075 584 4160 quintam
639 4071 924 4156 obtinet3
985 4094 1106 4137 nec
1158 4073 1363 4137 firmis
1422 4075 1823 4158 argumentis
1869 4075 2084 4138 evinci
2125 4082 2371 4160 potest,
2429 4092 2575 4133 eum

298 4176 409 4260 qui
446 4175 700 4238 nesciat
741 4175 1047 4239 iniuriam
1090 4175 1252 4260 pati,
1298 4176 1665 4240 necessario
1714 4175 1847 4239 dici
1890 4177 2100 4240 virum
2139 4175 2379 4255 fortem.
2471 4170 2574 4234 Cf.

299 4274 442 4340 Sen.
490 4274 572 4338 de
616 4275 877 4363 provid.
923 4277 979 4356 1,
1025 4277 1086 4340 ὃ.
1134 4276 1196 4340 6.
1241 4276 1309 4359 2,
1357 4278 1413 4339 1.
1457 4277 1517 4339 4.
1565 4276 1627 4340 6.
1677 4278 1737 4340 9.
1783 4277 1845 4358 3,
1898 4277 1928 4339 l
1962 4285 2082 4339 etc.
2172 4273 2575 4339 Sententiam

300 4376 465 4462 quod
519 4378 788 4460 attinet,
845 4379 1210 4465 promptior
1264 4399 1421 4442 sane
1477 4387 1577 4442 est
1632 4376 1982 4464 explicatio
2033 4375 2361 4440 hominem
2404 4373 2575 4438 chri-

298 4479 574 4542 stianum
630 4479 995 4543 correxisse
1048 4482 1365 4545 iniuriam
1415 4480 1651 4559 facere,
1709 4500 1902 4564 quam
1956 4476 2299 4543 librarium
2353 4477 2575 4543 nescio
