3209 5184
646 472 768 536 100
1271 486 1583 534 PUBmLII
1629 487 1786 535 εγω
1832 485 2295 534 SENTENTIAE.

808 640 935 704 Pro
979 639 1151 705 bona
1192 639 1368 703 fama
1409 640 1699 703 maxima
1743 647 1842 703 est
1883 638 2234 703 hereditas.

809 741 1064 805 Pericla
1109 742 1220 827 qui
1264 740 1463 805 audet
1505 750 1658 806 ante
1702 742 1933 822 vincit,
1980 762 2172 826 quam
2217 740 2479 827 accipit.

640 850 766 910 500
808 843 1134 936 Pqpetuo
1179 843 1409 925 vincit,
1461 844 1575 928 qui
1617 843 1826 907 utitur
1871 841 2233 906 elementia.

642 964 773 1004 prov.
823 945 1098 1026 Quidam
1154 945 1457 1027 quosdam
1514 945 1736 1008 occidit
1787 945 2102 1023 iuimic08‚
2165 964 2294 1009 nou
2351 945 2504 1025 quia
2548 949 2934 1023 meruerant,

1850 1046 1960 1110 sed
2000 1047 2157 1127 quia
2198 1045 2481 1110 habebat.

812 1147 1017 1228 Quam
1058 1151 1353 1231 iniquum
1398 1152 1487 1212 est
1526 1148 1828 1226 nocuisse,
1877 1149 2030 1228 quia
2074 1147 2280 1211 oderis
2324 1146 2580 1211 laedere.

685 1258 766 1315 60
814 1248 1136 1329 Quantum
1180 1251 1467 1332 iniquius
1510 1250 1726 1328 odisse,
1773 1251 1928 1329 quia
1972 1245 2242 1312 laeseris.

814 1349 1020 1430 Quam
1064 1371 1449 1433 maynarum
1491 1352 1730 1414 virium
1772 1354 1862 1414 est
1901 1350 2212 1475 ueqleyere
2257 1350 2612 1415 laedentem.

815 1452 937 1532 Qui
982 1454 1148 1518 euim
1190 1453 1488 1532 vindicat,
1535 1454 1736 1517 scum.

764 1553 982 1634 Quid
1019 1557 1109 1619 sis
1150 1557 1420 1632 interest,
1465 1574 1596 1617 ‘nou
1641 1554 1797 1634 quid
1835 1553 2146 1618 habearis.

817 1656 1122 1736 Quamvis
1166 1676 1353 1744 elyas,
1409 1659 1482 1720 ut
1520 1676 1600 1719 ue
1645 1657 1786 1736 quis
1828 1656 2048 1719 merito
2092 1659 2196 1719 tuo
2241 1660 2295 1719 te
2339 1655 2560 1735 oderit,
2593 1660 2790 1719 ‘eruut
2833 1659 2937 1719 ta-

1852 1777 1995 1821 men
2036 1776 2276 1839 semper
2319 1759 2430 1838 qui
2473 1757 2737 1821 oderint.

689 1866 767 1923 65
820 1858 1025 1938 Quam
1069 1879 1372 1942 maynum
1415 1864 1503 1924 est
1543 1880 1674 1923 uon
1718 1858 1979 1923 laudari
2023 1862 2081 1922 et
2122 1877 2248 1922 esse
2290 1858 2689 1922 laudabilem.

817 1960 942 2041 Qui
982 1981 1340 2025 succurrere
1373 1962 1662 2042 perituro
1693 1964 1913 2043 potest,
1961 1979 2101 2023 cum
2143 1979 2272 2023 uon
2313 1961 2641 2037 succurrit,
2688 1960 2938 2024 occidit.

813 2061 982 2141 Quid
1022 2066 1110 2126 est
1150 2062 1393 2126 homiui
1435 2063 1943 2126 inimicissimum
1956 2062 1991 2125 ‚9
2034 2062 2193 2127 alter
2235 2061 2430 2125 homo,

810 2162 985 2242 Quae
1024 2168 1174 2228 suut
1216 2164 1536 2227 mammae
1577 2162 1886 2227 divitiae?
1926 2184 2057 2227 uon
2099 2163 2454 2227 desiderare
2499 2161 2773 2226 divitias.

809 2262 964 2343 Quis
993 2265 1353 2347 plurimum
1395 2264 1621 2329 habet?
1664 2266 1721 2328 is
1768 2265 1877 2344 qui
1918 2266 2257 2328 minimum
2301 2265 2487 2346 cupit.

688 2373 767 2429 70
816 2364 986 2444 Quid
1026 2371 1114 2431 est
1155 2366 1311 2430 dare
1354 2364 1762 2449 beneficium?
1803 2366 2055 2430 imitari
2096 2366 2297 2429 deum.

817 2466 972 2548 Quis
1014 2471 1103 2532 est
1133 2467 1430 2550 pauper?
1472 2472 1585 2548 qui
1626 2467 1749 2530 sibi
1789 2467 2035 2531 videtur
2078 2467 2262 2530 dives.

639 2762 907 2804 comens
940 2763 991 2802 v.
1023 2743 1391 2803 450—500:
1426 2743 1631 2816 F(T),
1676 2743 1929 2800 Proverb.
1964 2743 2296 2817 PRF(EC)

805 2896 928 2954 498
977 2896 1065 2970 Cf.
1113 2916 1164 2953 v.
1208 2895 1306 2953 62.
1349 2895 1451 2954 83.
1497 2895 1639 2953 217.
1687 2897 1968 2954 Menand.
2000 2897 2247 2953 Monost.
2281 2895 2403 2953 285
2446 2894 2641 2964 καλῶς
2674 2887 2938 2954 ἀκούειν

634 2980 860 3057 μᾶλλον
900 2966 940 3053 ἢ
980 2981 1260 3037 πλουτεῖν
1298 2976 1441 3036 θέλε
1640 2980 1762 3038 499
1808 2981 2007 3055 pericla
2049 2982 2267 3037 Bothe.-
2323 2981 2561 3055 pericula
2601 2983 2660 3038 F
2839 2986 2936 3057 qui

637 3062 826 3144 audet]
860 3066 1078 3123 timidus
1109 3067 1298 3123 Bothe
1469 3064 1593 3122 500
1640 3065 1810 3122 Caec.
1844 3067 2015 3124 Balb.
2046 3064 2283 3122 Monac.
2315 3064 2419 3137 48,
2453 3066 2512 3138 7,
2539 3084 2637 3140 pq.
2673 3066 2752 3124 34
2787 3066 2934 3124 ‘Cle-

644 3153 842 3208 mentia
871 3157 1138 3225 perpetuo
1168 3151 1332 3206 viucit
1363 3152 1454 3223 qui
1483 3150 1702 3205 utitur?
1876 3157 2142 3224 perpetuo
2172 3151 2476 3222 PithoeuS,
2507 3152 2766 3223 Inqolst..·
2810 3168 2935 3226 per-

637 3246 804 3310 petue
850 3236 904 3291 F
1096 3235 1176 3291 58
1223 3233 1418 3291 occidit
1459 3235 1597 3291 PR.-
1644 3233 1897 3290 occidunt
1927 3235 1984 3290 F
2160 3230 2195 3268 ’⁸
2225 3251 2336 3290 non
2369 3278 2383 3291 .
2421 3277 2434 3290 .
2472 3277 2487 3291 .
2520 3234 2775 3292 habebat:
2820 3254 2935 3293 non

638 3321 760 3394 quia
803 3319 1030 3375 habebat
1073 3318 1234 3390 (PR,·
1279 3317 1543 3375 habebant
1575 3319 1658 3391 F,
1703 3318 1929 3374 habeant
1974 3313 2269 3393 Godofr.),
2316 3320 2413 3376 sed
2457 3321 2579 3393 quia
2625 3329 2937 3378 meruerant

637 3405 744 3476 (sic
774 3406 841 3474 F,
878 3411 1146 3459 meruerat
1177 3403 1345 3474 PaR,
1379 3411 1610 3459 mereret
1642 3403 1746 3474 Pb,
1781 3412 2094 3459 meruerunt
2127 3401 2387 3474 Godofr.)
2416 3405 2465 3460 L
2631 3404 2709 3462 59
2757 3407 2937 3462 inimi-

637 3506 758 3545 cum
801 3497 886 3545 est
927 3505 981 3545 n.
1030 3488 1111 3543 vel
1142 3505 1196 3562 q.
1233 3487 1472 3560 Godofr.
1648 3487 1731 3544 50
1777 3486 1863 3560 Cf.
1903 3488 2037 3544 Tac.
2071 3489 2210 3562 Ayr.
2242 3487 2324 3543 42
2370 3487 2672 3563 ‘proprium
2716 3491 2936 3547 humani

636 3574 840 3648 ingenii
884 3581 970 3628 est
1015 3574 1226 3643 ooisse,
1272 3588 1430 3647 quem
1473 3571 1741 3628 laeseris!
1914 3580 2172 3645 quantum
2203 3574 2280 3629 L.-
2323 3576 2514 3631 malim
2555 3582 2758 3648 quanto
2804 3592 2935 3632 cum

595 3689 599 3694 ·
639 3658 880 3730 Godofr.
1084 3658 1322 3730 iniquius
1352 3657 1530 3713 Pali.-
1571 3657 1791 3729 iniquus
1822 3657 1894 3727 F,
1926 3657 2166 3730 iniquum
2199 3666 2284 3714 est
2312 3658 2447 3715 PbC
2647 3659 2723 3716 61
2773 3676 2934 3734 quam

637 3758 741 3797 om.
774 3741 841 3797 M
870 3740 949 3796 22
980 3767 991 3774 ν
1126 3741 1204 3798 63
1268 3742 1427 3798 Vinc.
1467 3743 1616 3798 Bell.
1649 3757 1736 3813 sp.
1768 3742 1823 3797 d.
1860 3741 1919 3811 5,
1953 3741 2054 3812 67,
2085 3742 2152 3799 Μ
2180 3740 2256 3798 21
2445 3744 2567 3817 quis
2598 3745 2673 3799 sis
2706 3743 2761 3798 R

642 3823 721 3881 64
773 3825 1011 3898 quamvis
1042 3825 1108 3880 L.
1157 3825 1315 3881 Vino.
1348 3826 1418 3880 B.
1461 3842 1550 3897 sp.
1593 3828 1646 3881 d.
1679 3825 1750 3898 4,
1785 3826 1935 3883 135:
1979 3825 2032 3881 id
2063 3826 2130 3883 M
2158 3825 2237 3883 26
2421 3822 2609 3904 erunt]
2654 3826 2937 3895 Quaerunt

633 3909 692 3965 F
714 3911 875 3965 initio
907 3923 1112 3965 versus
1283 3907 1516 3965 oderunt
1545 3909 1599 3964 R
1786 3908 1863 3967 65
1911 3907 2016 3966 EC
2058 3910 2215 3968 Vinc.
2249 3912 2403 3968 Bell.
2434 3928 2522 3983 sp.
2552 3914 2607 3969 d.
2641 3913 2700 3983 5,
2735 3913 2838 3985 69,
2870 3913 2944 3970 M

636 3992 716 4051 38
891 4008 1049 4065 quam
1082 3986 1362 4067 magnum]
1395 3991 1595 4049 bonum
1623 3994 1690 4049 M
1855 3988 1995 4070 non]
2029 3994 2170 4051 velle
2194 3996 2239 4052 0
2407 3996 2487 4053 66
2550 3998 2710 4054 Vinc.
2737 3999 2811 4054 B.
2843 4015 2935 4072 sp.

634 4080 690 4135 d.
722 4076 784 4149 4,
818 4076 896 4133 67
1083 4075 1198 4133 odit
1227 4077 1286 4133 F
1480 4077 1555 4134 67
1604 4078 1750 4134 hom.
1783 4079 1931 4134 inim.
1962 4079 2144 4150 PRE,
2176 4081 2243 4136 M
2268 4080 2337 4136 5:
2386 4082 2440 4136 in
2472 4081 2618 4138 hom.
2653 4083 2755 4139 FC
2935 4129 2948 4142 .

637 4162 715 4219 68
763 4177 989 4235 magnae
1019 4159 1091 4215 M
1112 4161 1193 4217 45
1412 4161 1490 4218 69
1538 4162 1661 4235 quis
1691 4180 1795 4218 om.
1848 4163 2002 4220 Vino.
2037 4165 2110 4220 B.
2157 4182 2243 4236 sp.
2274 4166 2328 4221 d.
2362 4165 2433 4237 5,
2466 4165 2543 4221 77
2748 4168 2795 4223 is
2827 4186 2939 4226 om.

652 4247 810 4304 Vinc.
844 4246 917 4301 B.
949 4262 1035 4318 sp.
1069 4247 1125 4302 d.
1158 4244 1219 4318 5,
1257 4244 1358 4317 76,
1388 4244 1561 4303 Μ46
1765 4246 1847 4303 70
1890 4245 1954 4300 Μ
1984 4247 2062 4305 47
2250 4249 2326 4305 71
2375 4250 2523 4306 dives
2555 4251 2724 4308 PRF
2767 4253 2932 4310 Vinc.

637 4331 711 4386 B.
757 4347 843 4401 sp.
886 4331 941 4387 d.
985 4330 1057 4401 5,
1091 4329 1197 4387 76:
1242 4329 1393 4387 dives
1436 4346 1546 4387 non
1586 4329 1802 4385 videtur
1844 4331 1915 4402 C,
1959 4336 2178 4389 rectius
2218 4351 2323 4389 om.
2372 4334 2439 4391 M
2469 4334 2567 4392 60.
2660 4334 2750 4409 Cf.
2798 4337 2940 4395 Sen-

640 4429 778 4470 rem.
807 4413 951 4486 fort.
984 4414 1083 4485 10,
1112 4411 1197 4469 1‘
1203 4430 1408 4488 pauper
1436 4430 1516 4487 es,
1548 4414 1674 4487 quia
1703 4413 2082 4488 videris',16,
2119 4417 2197 4475 10
2228 4416 2383 4474 ‘felix
2412 4427 2518 4491 est,
2550 4437 2660 4476 non
2694 4421 2789 4494 qui
2818 4422 2940 4478 aliis

618 4479 865 4568 videtur,
896 4497 991 4553 sed
1023 4499 1115 4571 qui
1144 4497 1290 4554 sihi!
