3209 5184
1209 461 1302 510 DE
1349 461 1677 510 11011113113.
2473 445 2594 509 143

343 623 442 680 81.
491 615 754 681 Fortior
808 622 906 678 est
960 614 1073 701 qui
1133 612 1559 701 cupiditatem
1618 613 1860 696 vincit,
1920 634 2113 699 quam
2170 614 2285 699 qui
2341 612 2595 679 hostem

494 718 755 783 subicit.
891 717 896 726 '

343 826 446 884 82.
490 819 618 883 Est
658 816 1119 882 difficillimum
1167 839 1235 882 se
1278 819 1496 905 ipsum
1540 818 1824 883 vincere.

337 928 440 985 83.
487 920 725 1008 Inique
783 921 1113 1003 irascitur,
1159 920 1272 1006 qui
1319 921 1453 985 suis
1500 920 1805 1004 irascitur
1853 921 1995 984 sine
2040 917 2285 984 dolore.

344 1029 444 1086 84.
489 1024 733 1086 Amare
777 1022 873 1087 sic
915 1022 1154 1109 incipe,
1200 1029 1532 1108 tamquam
1575 1043 1706 1088 non
1749 1020 1944 1086 liceat
1987 1020 2112 1086 tibi
2157 1019 2475 1085 desinere.

344 1130 442 1188 85.
487 1124 877 1209 Magnarum
930 1143 1148 1187 rerum
1204 1123 1460 1188 etiamsi
1516 1144 1856 1189 successus
1916 1144 2046 1188 non
2100 1120 2421 1203 adfuerit,
2480 1121 2592 1185 ho-

492 1234 716 1290 nestus
764 1233 863 1290 est
905 1224 1050 1310 ipse
1094 1233 1385 1290 conatus.
1918 1231 1922 1236 ’
2445 1227 2451 1233 ’

344 1334 444 1392 86.
489 1326 819 1392 Nobilitas
865 1326 1069 1391 animi
1112 1325 1518 1411 generositas
1566 1347 1818 1391 sensus.

347 1436 449 1493 87.
496 1427 824 1494 Nobilitas
872 1427 1153 1492 hominis
1198 1449 1550 1514 generosus
1595 1430 1871 1493 animuS.

346 1537 447 1595 88.
494 1529 849 1595 Honestior
906 1539 1038 1612 est,
1096 1530 1210 1616 qui
1266 1537 1667 1595 senectutem
1707 1529 1797 1593 ad
1841 1530 2046 1595 otium
2063 1527 2314 1598 :retulit
2326 1576 2345 1611 ,
2402 1549 2597 1614 quam

494 1634 605 1718 qui
649 1633 718 1695 in
764 1639 1164 1696 senectutem
1208 1632 1394 1697 venit
1439 1641 1503 1697 et
1548 1640 1707 1697 tunc
1749 1631 2021 1717 incipiat
2065 1628 2384 1710 laborare.

345 1740 448 1798 89.
491 1732 715 1821 Turpe
759 1732 1205 1820 spectaculum
1249 1732 1521 1820 praebet
1565 1754 1762 1818 aeger
1804 1733 2080 1822 animus.

349 1843 449 1902 90.
493 1835 864 1922 Numquam
907 1835 1115 1900 tristis
1159 1835 1365 1900 facies
1411 1835 1500 1899 sit
1543 1833 1669 1899 tibi
1713 1835 1783 1899 in
1828 1834 2163 1900 commodo
2207 1833 2500 1898 alteriuS.

349 1944 451 2000 91.
495 1936 710 2001 Homo
765 1957 936 2003 sum:
1001 1935 1323 2023 quomodo
1378 1936 1693 2003 devitabo
1751 1935 2183 2002 secundarum
2238 1957 2454 1999 rerum
2497 1936 2593 1998 in-

497 2037 748 2102 vidiam
764 2037 798 2101 ’Β

350 2146 450 2206 92.
497 2139 566 2206 Si
612 2138 998 2205 felicitatem
1040 2140 1413 2223 iactaveris,
1459 2138 1682 2205 multis
1730 2139 1917 2205 dives
1966 2141 2114 2204 eris.

350 2249 447 2307 93.
496 2240 841 2323 Quomodo
886 2242 1132 2328 optime
1175 2243 1534 2328 potentiam
1577 2241 1860 2307 tuebor?
1916 2244 1959 2323 †
1982 2241 2367 2328 impotentia
2410 2261 2595 2307 occa-

495 2344 718 2408 sionis.
1784 2425 1790 2434 „

353 2450 449 2509 94.
492 2444 740 2510 Locum
783 2452 963 2511 tenet
1006 2446 1381 2532 proximum
1423 2446 1835 2512 innocentiae
1878 2443 2235 2511 confessio:
2286 2444 2405 2508 ubi
2447 2464 2596 2509 con-

498 2547 720 2631 fessio,
766 2547 865 2612 ibi
904 2548 1227 2616 remissio.

349 2656 448 2715 95.
482 2650 584 2715 96.
632 2648 963 2714 Severitas
1005 2649 1075 2714 in
1113 2650 1279 2715 vitio
1309 2658 1431 2733 est,
1464 2652 1617 2737 quia
1645 2650 1987 2739 proximus
2017 2649 2383 2714 iniustitiae
2415 2647 2593 2713 locus

497 2751 837 2817 severitas,

351 2861 450 2919 97.
495 2852 715 2918 Βο11113
771 2852 974 2917 iudex
1032 2862 1161 2935 est,
1221 2854 1334 2940 qui
1389 2861 1607 2939 potest
1663 2853 2045 2940 dispensare
2087 2874 2217 2919 non
2260 2860 2396 2916 tam
2439 2851 2599 2938 quid

416 2943 421 2948 ¹
494 2953 937 3020 damnandum
981 2955 1089 3038 sit,
1135 2954 1252 3020 sed
1297 2964 1636 3042 quatenus.

309 3139 366 3190 et
405 3136 558 3191 editt.
647 3133 721 3191 In
764 3136 1049 3190 sententia
1092 3139 1376 3205 corrupta
1405 3135 1680 3189 lacunam
1713 3134 2074 3206 siqnificasse
2105 3135 2246 3188 satis
2276 3131 2598 3188 habaima&

473 3218 553 3275 81
604 3216 697 3290 Cf.
728 3218 995 3275 Lactant.
1026 3221 1202 3274 instit.
1239 3219 1296 3289 1,
1329 3217 1365 3274 9
1386 3241 1402 3272 .·
1447 3217 1590 3273 ‘Non
1623 3220 1765 3273 enim
1796 3216 1993 3273 fortior
2020 3216 2337 3273 iudicandus
2369 3224 2475 3288 est,
2506 3217 2601 3291 qui

307 3302 519 3359 leonem
561 3319 721 3376 quam
766 3304 861 3376 qui
901 3301 1208 3358 violentiam
1254 3309 1311 3357 et
1349 3302 1675 3358 iracundiam
1718 3303 1982 3376 superat’.
2070 3302 2349 3359 Proverb.
2384 3300 2596 3358 Salom.

310 3388 406 3451 16,
438 3386 518 3444 32
563 3374 621 3442 εὁ
651 3384 885 3459 κρατῶν
917 3375 1102 3460 ὀργῆς
1132 3381 1420 3459 κρείσσων
1450 3384 1556 3442 τοῦ
1589 3380 2197 3461 καταλαμβανομένου
2225 3379 2449 3443 πόλιν’.

306 3471 386 3528 82
429 3466 555 3548 Est]
600 3472 742 3528 enim
785 3474 1003 3530 addunt
1047 3472 1095 3529 G
1126 3471 1171 3528 S
1387 3472 1467 3530 83
1512 3466 1723 3548 Inique]
1766 3475 1951 3545 paene
1978 3472 2162 3545 inique
2204 3471 2276 3543 S,
2317 3470 2458 3527 bene
2499 3471 2599 3526 1111-

308 3574 413 3630 que
445 3557 493 3613 G
681 3558 799 3613 sine
843 3557 1035 3613 dolore
1079 3557 1165 3613 Ga
1209 3554 1254 3611 S
1267 3582 1282 3612 .-
1326 3559 1370 3613 si
1411 3559 1468 3613 in
1510 3556 1702 3612 dolore
1746 3556 1826 3613 Gb
2061 3556 2139 3614 85
2185 3555 2452 3611 Bonarum
2494 3571 2603 3611 ma·

306 3658 644 3715 gnarumque
677 3642 728 3699 P
893 3642 974 3699 87
1020 3636 1284 3718 hominis]
1319 3642 1563 3716 corporis
1596 3643 1762 3715 vulyo
1930 3640 2011 3698 88
2060 3656 2220 3715 quem
2249 3648 2503 3697 senectus
2535 3639 2601 3696 ad

304 3727 476 3781 otium
508 3728 674 3800 vulqo
860 3722 891 3756 ³⁸⁶
921 3728 975 3783 in
1006 3720 1372 3803 senectutem]
1405 3728 1461 3782 111
1493 3727 1664 3781 otium
1693 3726 1831 3782 libri
1841 3750 1860 3789 ,·
1905 3742 2066 3799 quam
2098 3742 2256 3800 quem
2288 3726 2345 3781 111
2377 3727 2490 3781 otio
2522 3726 2602 3781 111-

302 3813 454 3868 venit
496 3813 653 3868 editt.
827 3811 909 3869 90
952 3811 1115 3867 facies
1158 3812 1232 3866 sit
1271 3810 1368 3867 tihi
1402 3811 1488 3868 Ga
1519 3829 1591 3866 m.
1624 3825 1741 3867 sec.
1792 3811 1842 3868 V
1866 3817 1922 3867 et
1951 3813 2078 3868 edd.
2122 3812 2168 3866 si
2211 3812 2464 3885 quotiens
2506 3810 2602 3866 tibi

302 3897 408 3968 ipsi
438 3895 784 3954 incommodo
815 3897 1010 3953 vixeris
1037 3897 1170 3953 libb.
1206 3903 1338 3953 vett.
1461 3894 1540 3953 92
1586 3895 1773 3951 multis
1807 3896 1885 3952 G.-
1914 3896 1970 3951 in
2001 3896 2185 3952 multis
2214 3893 2281 3967 S,
2313 3912 2434 3952 011111
2466 3894 2603 3950 111111-

308 3982 377 4037 tis
408 3984 575 4056 vulqo
719 3981 798 4038 93
842 3979 887 4051 †
916 3982 1004 4038 De
1036 3984 1375 4053 corruptela
1405 3998 1519 4038 non
1546 3982 1757 4055 liquet.-
1796 3981 1942 4053 fort.
1976 3998 2096 4038 scr.
2127 3982 2391 4055 potentia,
2424 3986 2486 4037 ut
2517 3986 2602 4037 est

310 4083 406 4138 ap.
436 4062 578 4122 Sen.
611 4067 681 4122 de
712 4069 872 4123 clem.
909 4066 968 4140 1,
1005 4066 1104 4138 13,
1139 4064 1175 4121 2
1219 4062 1447 4123 ‘scelera
1477 4065 1771 4123 sceleribus
1805 4066 2000 4122 tuenda
2030 4066 2204 4129 sunt'.
2296 4065 2439 4122 Sall.
2476 4064 2598 4122 Cat.

310 4149 375 4223 2,
395 4150 438 4205 4
470 4148 779 4224 ‘imperium
809 4151 873 4207 iis
903 4150 1111 4207 artibus
1142 4152 1431 4223 retinetur,
1463 4150 1657 4226 quibus
1689 4150 1843 4207 initio
1874 4157 2089 4224 partum
2121 4150 2250 4206 est'.
2370 4148 2450 4207 94
2480 4165 2604 4223 pec-

306 4237 415 4291 cati
444 4236 746 4291 verecunda
787 4236 1058 4293 confessio
1088 4237 1143 4293 P
1290 4234 1368 4293 95
1415 4237 1470 4293 111
1500 4237 1633 4292 vitio
1667 4236 1752 4293 Ga
1782 4254 1854 4291 m.
1887 4252 2026 4293 sec„-
2070 4234 2229 4291 abnio
2263 4234 2331 4305 G,
2364 4234 2601 4291 criminis

50 4339 53 4394 ¹,
308 4318 543 4376 abnubio
576 4320 622 4377 S
628 4345 649 4384 ,·
671 4321 818 4394 fort.
846 4323 1156 4393 criminosa,
1189 4323 1319 4378 coll.
1350 4320 1511 4380 Publ.
1548 4320 1607 4377 S.
1644 4340 1694 4379 v.
1723 4319 1845 4378 254
2046 4314 2414 4375 *iniustitiaet
2447 4320 2603 4375 iusti-

304 4398 423 4461 tiae
455 4407 706 4478 codices,
738 4410 902 4481 vulyo
1085 4406 1240 4464 locus
1275 4407 1351 4463 G.-
1380 4406 1573 4463 modus
1599 4406 1644 4463 S
1665 4408 1831 4480 vulqo
2047 4404 2125 4462 97
2171 4395 2380 4484 potest]
2419 4405 2501 4462 Gb
2534 4404 2580 4462 S
2589 4431 2604 4460 .-

300 4491 465 4547 novit
495 4491 582 4548 Ga
613 4509 687 4549 m.
720 4508 835 4549 sec.
1012 4500 1118 4548 tam
1152 4493 1238 4550 Ga
1270 4510 1339 4549 m.
1372 4508 1514 4550 sea.-
1546 4487 1653 4548 taffi
1685 4491 1745 4564 S,
1780 4499 1986 4548 tantum
2021 4489 2103 4547 Gb

50 4859 849 5151 Η,-
