3209 5184
669 454 754 518 24
1533 466 2081 524 PROLEGOMERJA.

669 646 815 690 cum
847 620 1064 689 Schol.
1098 620 1377 685 Erasmi.
1467 620 1658 684 Mimi
1688 619 2017 703 Publiani,
2063 642 2211 685 cum
2243 619 2472 684 Eiusd.
2515 620 2714 687 schol.
2746 626 2956 687 auctis

668 724 1008 808 recogniti.
1097 723 1481 788 Institutum
1537 721 1816 787 hominis
1876 720 2244 804 christiani,
2302 725 2584 788 carmine
2642 746 2758 810 per
2802 746 2955 787 eun-

672 825 821 889 dem
866 820 1213 888 Erasmum
1256 821 1564 889 Roterod.
1612 821 1898 887 Londini
1941 844 2058 909 per
2101 822 2274 887 Petr.
2322 822 2630 890 Treveris
2680 826 2861 890 1514.
2892 826 2957 890 4.

841 926 994 1012 Ipse
1016 949 1172 991 usus
1205 947 1349 989 sum
1380 923 1672 989 eiusdem
1696 923 1850 988 libri
1882 924 2167 988 editione
2187 924 2747 1009 Argentoratensi,
2765 949 2960 1013 quam

670 1049 877 1115 paene
921 1012 1154 1092 haereo
1201 1028 1307 1090 cui
1348 1047 1519 1090 anno
1562 1025 1965 1089 adscribam:
2015 1024 2227 1091 editor
2273 1028 2444 1090 enim
2489 1028 2960 1114 praefationem

672 1130 934 1217 scripsit
978 1128 1259 1194 Lovanii
1301 1148 1471 1191 anno
1521 1127 1713 1209 1514,
1761 1126 1913 1191 Kal.
1959 1129 2280 1213 Augusti,
2326 1128 2639 1194 Matthias
2685 1129 2960 1195 Schurc-

672 1233 806 1296 rius
865 1228 1221 1317 bibliopola
1278 1228 1467 1297 brevi
1523 1227 1804 1314 epistula
1854 1230 1924 1293 in
1968 1228 2181 1293 fronte
2226 1232 2439 1316 posita
2482 1232 2987 1296 commendavit·

672 1332 911 1397 librum
957 1330 1284 1397 iuventuti
1329 1330 1663 1395 studiosae
1692 1331 2117 1415 Argentorati
2146 1331 2336 1395 XVI.
2382 1331 2534 1396 Kal.
2566 1333 2963 1397 Novembris

669 1456 728 1498 a.
768 1433 950 1516 1515,
998 1434 1387 1519 conquestus
1433 1430 1625 1495 simul
1668 1429 1751 1494 de
1795 1430 1965 1495 mala
2010 1430 2412 1518 quorundam
2452 1434 2795 1517 industria,
2844 1436 2965 1520 qui

674 1557 835 1622 opus
881 1556 919 1598 a
964 1556 1033 1599 se
1076 1532 1484 1620 redemptum
1527 1532 1757 1596 furtim
1801 1534 1977 1619 typis
2010 1533 2478 1617 exscriberent,
2524 1536 2593 1599 in
2621 1536 2749 1599 fine
2779 1536 2963 1603 deni-

676 1658 802 1724 que
846 1637 1287 1722 subscriptum
1319 1644 1452 1700 est:
1499 1633 2039 1719 Argentorati
2086 1655 2169 1697 ex
2200 1634 2475 1700 aedibus
2510 1635 2966 1703 Schurerianis

676 1760 902 1802 mense
956 1737 1194 1802 Martio
1254 1735 1468 1801 1516.
1558 1735 1776 1799 Aliam
1838 1734 2224 1819 editionem,
2295 1736 2750 1803 Coloniensem
2803 1742 2965 1805 anni

685 1839 880 1922 1515,
938 1838 1022 1902 ab
1067 1837 1214 1902 aliis
1272 1845 1648 1923 usurpatam
1707 1857 1849 1900 esse
1903 1837 2130 1920 video:
2191 1836 2464 1902 alteram
2509 1839 2969 1906 Coloniensem

676 1941 830 2004 anni
879 1939 1042 2005 1520
1084 1960 1124 2002 a
1168 1939 1232 2004 J.
1280 1936 1546 2020 Sotero,
1604 1939 1762 2002 item
1809 1937 2309 2022 Hagenoensem
2354 1964 2395 2004 a
2437 1939 2560 2003 Th.
2606 1940 2970 2005 Anshelmo

675 2046 735 2105 a.
786 2040 949 2129 1522
1002 2042 1181 2128 typis
1240 2040 1672 2127 descriptam,
1734 2038 2328 2104 Helmstadiensem
2380 2042 2535 2105 anni
2588 2043 2742 2106 1611
2789 2042 2972 2107 idem

678 2150 1134 2208 commemorat
1174 2140 1666 2205 Latendorfius:
1737 2139 2165 2204 Basiliensem
2219 2143 2374 2205 anni
2423 2142 2587 2207 1520
2630 2143 2775 2231 (per
2818 2145 2862 2210 J
2865 2167 2968 2209 oa.

678 2244 1079 2308 Frobenium
1134 2263 1355 2306 mense
1400 2241 1701 2326 Octobri)
1760 2251 1825 2307 et
1879 2240 2151 2307 alteram
2206 2245 2756 2328 Argentinensem
2809 2250 2973 2312 anni

686 2346 847 2412 1516
891 2347 1032 2432 ipse
1076 2344 1378 2408 manibus
1425 2345 1712 2407 versavi.

852 2451 1152 2512 Erasmus
1212 2446 1415 2530 igitur
1485 2445 1732 2531 primus
1805 2443 2131 2509 intellexit
2200 2445 2726 2531 proverbiorum,
2801 2471 2975 2535 quae

684 2547 886 2632 vulgo
943 2544 1332 2626 edebantur,
1376 2545 1718 2633 duplicem
1774 2544 1882 2609 vel
1925 2545 2249 2634 triplicem
2294 2569 2436 2612 esse
2479 2549 2823 2633 originem:
2883 2573 2976 2616 ex

680 2646 951 2713 Publilii
997 2646 1150 2733 Syri
1203 2646 1418 2711 mimis
1464 2647 1738 2713 fluxisse
1794 2649 2150 2713 sententias
2208 2647 2364 2713 inde
2406 2671 2447 2713 a
2491 2648 2709 2714 littera
2750 2651 2816 2715 A
2859 2675 2971 2717 us-

681 2771 807 2836 que
861 2747 947 2812 ad
1001 2748 1290 2813 litteram
1333 2747 1437 2832 N,
1498 2770 1583 2814 ex
1641 2747 1950 2837 opusculo
2008 2749 2288 2836 quodam
2343 2751 2630 2837 pedestri
2676 2753 2975 2817 oratione

683 2851 1051 2937 conscripto
1096 2847 1378 2935 reliquas
1425 2850 1604 2935 (N—
1626 2852 1755 2938 V);
1811 2850 2087 2938 paucula
2131 2850 2443 2937 denique,
2506 2875 2670 2939 quae
2712 2855 2781 2918 in
2824 2876 2975 2940 pro-

683 2953 1056 3017 verbiorum
1110 2952 1506 3017 editionibus
1552 2952 1894 3039 permultis
1940 2953 2062 3018 sub
2106 2953 2302 3017 finem
2344 2952 2710 3018 litterarum
2750 2955 2986 3020 A—V

684 3055 921 3120 adsuta
975 3063 1160 3137 sunt,
1220 3063 1530 3143 excerpta
1585 3076 1728 3119 esse
1783 3053 1956 3120 vidit
2014 3076 2095 3118 ex
2142 3055 2427 3120 Senecae
2484 3054 2670 3120 libris
2716 3055 2798 3120 de
2842 3055 2974 3121 cle-

684 3156 930 3220 mentia
981 3150 1259 3242 ideoque
1313 3157 1543 3221 merito
1586 3155 1849 3222 abiecit.
1937 3155 2172 3243 Itaque
2215 3153 2394 3238 illas,
2463 3178 2616 3220 vere
2658 3156 2975 3222 Publilia-

684 3278 824 3339 nas,
869 3259 927 3320 si
972 3277 1137 3343 quae
1179 3259 1344 3322 vitia
1373 3267 1731 3340 traxerant,
1780 3257 2044 3342 (incidit
2072 3266 2290 3322 autem
2318 3260 2388 3322 in
2418 3259 2976 3344 corruptissimas)

683 3359 969 3422 numeris
1013 3358 1312 3422 iambicis
1356 3357 1464 3422 vel
1509 3358 1855 3424 trochaicis
1902 3358 2155 3442 clausit,
2202 3360 2458 3423 omissis
2489 3368 2708 3423 tamen
2742 3363 2974 3446 paucis

686 3459 849 3525 adeo
916 3460 1234 3546 corruptis
1249 3509 1268 3542 ,
1332 3467 1405 3524 ut
1456 3481 1497 3523 a
1549 3469 1757 3525 metro
1813 3458 2094 3533 iambico
2157 3460 2507 3525 abhorrere
2563 3460 2974 3547 viderentur,

684 3563 1042 3626 sententias
1088 3583 1162 3625 eo
1207 3562 1434 3626 ordine
1479 3561 1813 3645 exhibuit,
1859 3584 1986 3648 quo
2031 3562 2101 3625 in
2144 3561 2483 3628 codicibus
2514 3585 2584 3627 se
2615 3564 2976 3651 excipiunt,

688 3664 1080 3728 brevissima
1120 3665 1477 3750 adscripsit
1520 3662 1791 3747 scholia,
1838 3661 2098 3728 addidit
2140 3686 2369 3729 versus
2413 3664 2667 3750 aliquos
2698 3664 2978 3731 Publilii

690 3785 775 3828 ex
821 3763 1038 3829 Gellio
1082 3775 1149 3830 et
1192 3764 1438 3829 Seneca
1481 3766 1774 3830 rhetore:
1831 3787 1872 3829 a
1914 3764 2364 3853 pedestribus,
2412 3766 2704 3852 exceptis
2749 3769 2976 3853 paucis

689 3887 849 3952 quas
893 3864 1153 3929 mallem
1195 3867 1557 3948 omisisset,
1617 3888 1879 3953 prorsus
1923 3866 2244 3932 abstinuit
2287 3866 2486 3953 idque
2530 3868 2854 3950 consulto,
2899 3879 2976 3934 ut

690 3969 833 4054 ipse
876 3968 1090 4032 innuit
1134 3968 1202 4030 in
1247 3966 1685 4053 praefatione:
1734 3969 2017 4033 ‘reiectis
2062 3967 2168 4049 iis,
2216 3989 2382 4054 quae
2413 3990 2755 4054 perperam
2790 3978 2976 4033 erant

687 4069 985 4135 admixta
1029 4090 1114 4132 ex
1156 4067 1431 4134 aliorum
1473 4067 1709 4132 libris'.
1799 4067 1981 4149 Quid
2025 4067 2263 4132 multa!
2312 4070 2436 4133 etsi
2468 4071 2536 4132 in
2567 4069 2975 4136 emendando

690 4181 755 4236 et
799 4169 1161 4235 enarrando
1205 4180 1397 4256 poeta
1441 4191 1696 4257 pagano
1740 4192 1979 4258 paucas
2020 4180 2274 4234 tantum
2303 4170 2495 4235 horas
2527 4193 2599 4234 se
2628 4170 2976 4236 collocasse

692 4271 1051 4358 profitetur,
1097 4294 1224 4357 quo
1268 4270 1716 4356 theologorum
1760 4271 2072 4355 effugeret
2119 4273 2695 4359 vituperationem,
2741 4274 2975 4339 munus

693 4373 964 4439 editoris
1009 4374 1325 4460 principis
1369 4396 1486 4459 pro
1529 4383 1716 4461 parte
1759 4371 1938 4436 virili
1982 4374 2369 4440 sustinuisse
2411 4375 2737 4461 putandus
2783 4386 2902 4444 est.

862 4475 1021 4539 Iam·
1044 4473 1200 4540 inde
1241 4475 1326 4540 ab
1372 4497 1446 4541 eo
1491 4485 1804 4563 tempore,
1851 4497 1998 4540 cum
2041 4475 2243 4540 semel
2284 4476 2606 4541 Publilius
2638 4476 2846 4561 Syrus
2888 4477 2974 4543 ab
