3209 5184
588 518 593 523 ,
648 443 732 510 58
1510 455 2058 506 Pnonneounm.

656 635 781 700 quo
844 586 1060 678 errore
1103 611 1445 678 inductum
1487 611 1831 699 scripsisse
1863 611 2010 694 pati
2051 631 2170 698 pro
2216 630 2291 673 eo
2305 658 2323 693 ,
2380 607 2557 694 quod
2602 609 2671 674 in
2711 606 2935 672 arche-

652 724 813 804 typo
857 716 1219 795 invenerat,
1260 715 1485 794 faeere.

818 815 1169 882 Caesuram
1223 824 1371 903 post
1428 815 1696 880 tertium
1748 816 2071 899 iambum,
2129 835 2255 901 qua
2307 812 2546 878 senarii
2606 811 2938 876 dimidiati
2961 836 2989 862 ο

648 916 1126 999 dissolvuntur,
1193 916 1393 1003 vulgo
1460 916 1758 994 damnari
1824 917 1931 982 vel
1990 926 2162 982 certe
2228 914 2587 1001 vituperari
2643 922 2927 978 constat:

650 1041 834 1106 quae·
856 1021 1020 1086 ratio
1068 1040 1261 1105 saepe
1305 1019 1695 1084 emendandi
1740 1018 2087 1084 consilium
2120 1018 2269 1082 aliis
2301 1039 2387 1082 ex
2416 1017 2626 1081 causis
2657 1015 2937 1102 petitum

650 1121 1077 1186 confirmavit.
1167 1119 1269 1185 Of.
1301 1143 1366 1185 v.
1397 1121 1501 1186 68.
1539 1122 1678 1186 132.
1717 1122 1856 1185 143.
1930 1120 2013 1184 V.
2045 1120 2168 1185 601
2215 1142 2347 1184 non
2387 1116 2935 1205 acquiescendum
2987 1180 3005 1198 ,

652 1232 788 1288 erat
830 1223 902 1287 in
945 1224 1347 1290 coniectura:

991 1382 1119 1442 Sibi
1159 1383 1274 1456 ipsi
1313 1382 1676 1456 supplicium
1716 1377 1726 1458 1
1765 1398 1932 1453 quem
1974 1380 2216 1439 admissi
2248 1381 2525 1453 paewitet,

649 1530 767 1595 sed
820 1530 1214 1617 transposito
1268 1527 1647 1616 pronomine
1693 1526 1969 1591 relativo
2014 1524 2376 1612 elegantiae
2422 1547 2648 1590 versus
2694 1547 2925 1589 consu-

649 1631 933 1696 lendum.
1021 1631 1248 1717 Neque
1302 1640 1518 1695 tamen
1562 1641 1635 1695 ut
1689 1628 1850 1693 haec
1893 1651 2159 1693 caesura
2201 1628 2448 1715 ubique
2490 1637 2940 1693 removeretur

649 1733 944 1817 contigit.
1034 1731 1134 1798 Cf.
1181 1754 1245 1796 v.
1297 1733 1394 1798 15.
1441 1733 1544 1797 60.
1595 1731 1738 1796 192.
1783 1732 1929 1797 361.
1973 1731 2119 1798 491.
2163 1731 2291 1796 542
2322 1740 2386 1795 et
2429 1751 2492 1793 v.
2524 1728 2672 1794 200.
2763 1727 2935 1794 Con·

654 1836 852 1900 trario
918 1835 1110 1900 modo
1178 1835 1248 1897 in
1312 1833 1710 1898 tetrametris
1775 1831 2124 1897 trochaicis
2140 1882 2158 1916 ,
2227 1833 2282 1897 si
2348 1832 2461 1918 qui
2526 1831 2941 1895 coniecturae

654 1959 774 2023 ope
819 1935 1238 2021 indigebant,
1301 1956 1567 2022 operam
1611 1933 1945 2019 dedimus,
1990 1943 2063 1999 ut
2108 1955 2375 1999 caesura
2420 1942 2595 1998 esset
2638 1931 2939 2018 legitimo

650 2038 813 2121 loce,
860 2037 930 2102 id
976 2047 1073 2102 est
1116 2047 1265 2124 post
1308 2037 1541 2125 pedem
1586 2046 1909 2123 quartum.
1997 2036 2103 2101 Cf.
2149 2058 2213 2100 v.
2252 2035 2393 2100 126.
2430 2034 2571 2101 155.
2603 2034 2750 2099 381.
2780 2033 2936 2097 479.

650 2140 796 2205 635.
844 2139 1046 2225 (638).
1989 2124 1996 2135 “

819 2241 888 2327 3)
935 2241 1325 2327 Priusquam
1379 2239 1473 2305 de
1535 2262 1895 2306 sermone
1948 2239 2290 2304 Publilii
2349 2239 2680 2323 dicamus,
2746 2235 2941 2301 refel-
3031 2296 3040 2301 .

648 2341 842 2406 lenda
885 2350 984 2406 est
1028 2341 1432 2429 quorundam
1476 2343 1727 2430 opinio,
1784 2343 1898 2429 qui
1940 2341 2113 2417 hunc
2166 2351 2425 2431 poetam
2469 2363 2579 2407 ore
2625 2341 2935 2404 Enniano

653 2442 759 2507 vel
788 2443 1092 2509 Plautino
1136 2443 1425 2508 locutum
1469 2466 1614 2509 esse
1660 2444 1790 2508 sibi
1816 2443 2093 2531 aliisque
2124 2453 2614 2530 persuaserunt:
2647 2428 2940 2507 circum-

651 2545 949 2610 feruntur
993 2547 1167 2609 enim
1210 2546 1281 2609 in
1325 2545 1722 2631 editionibus
1768 2545 2009 2612 multae
2053 2546 2297 2612 formae
2327 2546 2747 2633 antiquioreS,
2795 2547 2940 2632 qui-

652 2648 772 2710 bus
819 2645 1248 2711 Ciceroniana
1290 2656 1470 2711 aetas
1514 2648 1846 2712 abstinere
1890 2649 2301 2730 adsueverat,
2346 2650 2464 2713 siet
2505 2669 2569 2711 v.
2605 2648 2751 2713 396.
2783 2648 2939 2729 430,

639 2750 875 2832 possiet
917 2748 1071 2827 379,
1118 2750 1290 2831 potis
1331 2755 1422 2814 est
1471 2750 1632 2831 656,
1678 2752 1914 2815 eredier
1954 2750 2071 2834 27,
2129 2751 2520 2816 dominarier
2561 2749 2722 2831 213,
2782 2750 2942 2813 obli-

650 2851 872 2915 viseier
914 2849 1069 2930 305,
1125 2852 1432 2915 mutarier
1474 2852 1632 2934 3793
1690 2874 1755 2915 v.
1800 2852 1928 2917 230
1968 2858 2191 2917 causat
2240 2874 2358 2938 pro
2404 2855 2706 2916 ‘causatur
2759 2852 2941 2936 posi-

650 2960 791 3017 tum
833 2949 1118 3016 Publilio
1163 2951 1518 3039 imputavit
1560 2953 1994 3037 Ribbeckius,
2043 2976 2107 3017 v.
2139 2954 2262 3018 347
2310 2960 2443 3018 tam
2486 2974 2563 3016 ea
2607 2951 2942 3038 significa-

651 3054 860 3135 tione,
917 3062 990 3117 ut
1045 3052 1220 3117 idem
1278 3053 1492 3119 valeat
1538 3056 1712 3141 quod
1757 3062 1993 3136 tamen,
2049 3054 2324 3121 Bothius
2368 3054 2593 3119 addito
2650 3059 2944 3119 ‘versum

653 3177 798 3220 esse
839 3152 1115 3220 alicuius
1149 3177 1232 3219 ex
1272 3157 1787 3222 vetustioribus’.
1876 3157 2008 3223 Sed
2039 3156 2231 3221 valde
2264 3155 2612 3222 dolendum
2644 3154 2947 3220 absoleta

655 3255 768 3320 illa
811 3278 1130 3343 nusquam
1176 3256 1309 3343 legi
1351 3259 1421 3322 in
1464 3259 1837 3343 codicibus,
1885 3261 2015 3324 nisi
2058 3260 2228 3324 forte
2273 3282 2337 3323 v.
2381 3260 2463 3323 27
2510 3259 2579 3322 in
2622 3256 2944 3322 librorum

653 3357 1094 3445 discrepantia
1137 3362 1379 3425 eredere
1423 3370 1487 3424 et
1530 3363 1700 3425 credi
1740 3362 2027 3446 vestigia
2071 3359 2272 3451 latent
2317 3360 2628 3425 infinitivi
2666 3361 2907 3425 eredier
2921 3385 2945 3439 ;

651 3460 871 3546 itaque
930 3461 1146 3546 prisca
1202 3462 1517 3526 sermonis
1590 3471 1886 3526 vetustas
1943 3461 2301 3528 editoribus
2361 3461 2665 3525 ultimum
2719 3463 2944 3548 potius

650 3559 982 3646 refugium
1025 3561 1227 3628 fuisse
1270 3562 1568 3648 videtur,
1617 3565 1915 3651 quotiens
1958 3575 2032 3629 ut
2073 3563 2265 3628 aliter
2308 3586 2392 3628 ex
2435 3561 2944 3627 difficultatibus

650 3685 720 3725 se
764 3663 1151 3750 expedirent
1202 3687 1333 3730 non
1378 3667 1679 3751 contigit.
1769 3665 1958 3745 Quae
2001 3688 2070 3730 re
2115 3687 2274 3729 vera
2320 3666 2733 3752 antiquitatis
2778 3666 2942 3728 ima·
2985 3728 2990 3733 .

652 3764 872 3848 ginem
926 3765 1241 3850 referant,
1301 3789 1510 3854 pauca
1560 3767 1914 3832 admodum
1958 3777 2140 3851 sunt3
2203 3789 2267 3830 v.
2311 3768 2440 3831 434
2484 3768 2758 3851 addecet,
2813 3766 2946 3831 624

649 3870 777 3943 sat,
833 3866 956 3930 411
992 3888 1246 3950 perpes,
1304 3878 1369 3932 et
1413 3870 1627 3954 ipsum
1673 3848 1937 3957 quidem
1983 3867 2354 3935 coniectura
2399 3845 2773 3950 inductum,
2821 3868 2944 3932 sed

651 3968 1020 4032 necessaria
1062 3967 1145 4033 ob
1191 3979 1498 4052 metrum3
1546 3972 1793 4057 pariter
1833 3994 2014 4055 nwye
2057 3982 2122 4036 et
2151 3977 2300 4054 pote
2335 3972 2407 4034 in
2435 3969 2773 4034 codicibus
2805 3968 2943 4056 ple·

648 4090 921 4155 rumque
963 4081 1268 4157 corrupta
1310 4072 1380 4134 in
1424 4074 1631 4154 magis
1673 4084 1737 4138 et
1769 4079 1989 4157 potest,
2034 4095 2075 4136 a
2119 4082 2324 4137 metro
2368 4071 2729 4135 firmantur.

821 4170 916 4236 Ut
957 4182 1176 4236 autem
1217 4171 1303 4236 ab
1347 4172 1658 4237 obsoletis
1701 4174 2054 4256 abstinuit,
2112 4176 2238 4257 ita,
2295 4174 2363 4237 in
2409 4174 2752 4238 sententiis
2791 4174 2942 4259 *qui-

652 4270 832 4353 dem,
887 4295 929 4336 a
979 4272 1303 4338 novandis
1357 4296 1616 4360 quoque
1667 4277 1912 4340 verbis.
1997 4276 2105 4341 Ad
2161 4274 2520 4340 ornandam
2574 4275 2940 4339 orationem

652 4396 783 4437 non
826 4375 920 4438 ita
962 4375 1338 4461 frequenter
1380 4399 1536 4440 usus
1584 4386 1684 4441 est
1725 4376 2210 4460 allitteratione,
2265 4399 2332 4440 v.
2375 4377 2503 4441 246
2542 4376 2727 4457 fortis
2764 4376 2946 4458 feli-115,

651 4474 782 4543 494
820 4476 990 4559 flecto
1027 4478 1290 4563 fiunyo,
1335 4479 1461 4544 668
1505 4479 1682 4545 dolor
1722 4480 2043 4559 damnum,
2088 4501 2412 4566 nusquam
2452 4477 2933 4544 homoeoteleu-
