3209 5184
604 422 723 486 126
1395 433 1833 482 sumamma
1877 432 2099 482 FALso

767 587 1232 653 Iusiurandum
1273 585 1470 651 alieni
1514 585 1717 650 infido
1764 584 2188 672 emplastrum
2231 586 2401 650 aeris
2446 594 2566 652 est.

766 688 880 753 Ius
927 710 1181 753 omnem
1225 710 1420 775 supra
1462 687 1768 753 iniuriam
1811 689 2097 775 positum
2142 689 2336 753 scias.

769 790 990 855 Labor
1032 790 1412 878 imperantis
1456 788 1741 854 militum
1787 791 2125 854 securitas.

603 898 723 959 185
767 893 974 958 Lassa
1019 892 1369 957 crudelitas
1414 914 1542 958 non
1587 887 1703 957 est'
1731 891 2028 956 vocanda
2072 891 2439 957 clementia.

767 995 1055 1081 Lepores
1102 994 1228 1058 duo
1275 995 1387 1079 qui
1431 994 1817 1080 insequitur,
1864 994 1921 1057 is
1967 1002 2265 1059 neutrum
2314 994 2511 1082 capit.

770 1096 1031 1181 Lingua
1075 1104 1175 1160 est
1217 1093 1619 1182 maliloquax
1661 1096 1898 1161 mentis
1944 1095 2263 1161 indicium
2306 1094 2536 1159 malae.

769 1199 964 1283 Mage
1008 1196 1303 1264 cavenda
1343 1199 1701 1262 amicorum
1730 1196 2006 1278 invidia,
2053 1217 2244 1283 quam
2274 1195 2554 1261 insidiae
2581 1196 2903 1261 hostium.

772 1300 1092 1385 Magister
1134 1299 1414 1364 infidelis
1462 1308 1561 1365 est
1602 1301 1766 1365 recti
1809 1308 2040 1363 metus.
2570 1305 2573 1308 ’

609 1409 733 1468 190
776 1401 1085 1486 Magnam
1130 1400 1455 1466 fortunam
1497 1423 1773 1486 magnus
1817 1401 2071 1466 animus
2118 1400 2326 1465 decet.

773 1503 1003 1590 Magni
1032 1504 1234 1568 animi
1266 1512 1366 1568 est
1393 1503 1732 1591 proprium
1762 1523 1904 1567 esse
1927 1501 2370 1588 tranquillum,
2396 1502 2669 1566 iniurias
2695 1511 2906 1588 atque

1817 1603 2202 1670 offensiones
2246 1625 2501 1691 semper
2531 1603 2901 1690 despicere.

773 1705 949 1772 Male
990 1705 1259 1770 habebit
1303 1704 1618 1788 medicus,
1664 1726 1852 1769 nemo
1899 1705 1956 1769 si
2000 1703 2170 1769 male
2214 1704 2540 1770 habuerit.

773 1806 951 1872 Male
994 1809 1179 1872 vivet
1224 1807 1521 1893 quisquis
1566 1807 1814 1871 nesciet
1856 1807 2022 1870 mori
2064 1806 2253 1871 bene.

775 1908 971 1974 Malis
1017 1908 1364 1996 displicere
1407 1908 1664 1972 laudari
1709 1918 1828 1973 est.

610 2018 729 2076 195
774 2010 948 2077 Malo
993 2011 1167 2074 veris
1215 2009 1540 2074 offendere
1585 2032 1782 2096 quam
1824 2009 2083 2097 placere
2127 2009 2475 2075 aduland0.

775 2110 1021 2177 Malum
1064 2110 1349 2204 alienum
1394 2121 1577 2176 tuum
1622 2132 1705 2174 ne
1748 2110 1983 2176 feceris
2028 2112 2361 2196 gaudium.

774 2214 1026 2279 Malum
1068 2213 1409 2278 consilium
1455 2211 1811 2277 consultori
1854 2215 2209 2299 pessimum
2256 2222 2373 2279 est.

775 2314 1147 2379 Maritimus
1195 2337 1341 2379 cum
1387 2316 1499 2397 sis,
1545 2313 1687 2378 fieri
1730 2316 2055 2379 terrestris
2102 2336 2285 2379 cave.

704 2455 709 2462 ·
776 2416 1141 2482 Maximum
1184 2414 1544 2480 remedium
1589 2416 1726 2479 irae
1770 2438 1952 2481 mora
1996 2426 2115 2481 est.

614 2524 738 2583 200
780 2518 968 2583 Mens
1015 2519 1394 2605 incorrupta
1435 2517 1703 2582 miseria
1746 2521 2201 2605 corrumpitur.

778 2619 1053 2684 Minime
1095 2620 1341 2683 amicus
1389 2639 1555 2701 sum,
1600 2618 1898 2683 fortunae
1942 2621 2270 2707 particeps
2312 2619 2446 2683 nisi
2489 2619 2613 2685 sim
2656 2641 2859 2683 meae.

778 2721 1126 2786 Minimum
1171 2720 1364 2803 vivit,
1411 2721 1524 2806 qui
1566 2718 1663 2784 nil
1708 2743 1899 2809 quam
1945 2723 2150 2787 vitam
2195 2722 2460 2806 cogitat.
2703 2721 2900 2809 [rum.

780 2822 1025 2887 Misera
1057 2831 1156 2888 est
1186 2821 1531 2907 aegritudo
1560 2823 1762 2887 animi
1793 2823 1875 2890 ob
1906 2824 2263 2889 alienarum
2294 2826 2577 2912 speciem
2604 2824 2902 2888 miseria-

779 2923 986 2988 Miser
1032 2923 1165 2988 dici
1208 2923 1418 2990 bonus
1464 2925 1590 3007 vir,
1637 2947 1782 2990 esse
1824 2948 1954 2990 non
1996 2935 2232 3013 potest.

618 3031 741 3090 205
787 3025 1242 3091 Misericordia
1287 3035 1387 3092 est
1430 3027 1649 3093 vicina
1677 3028 2009 3092 miseriae:
2055 3027 2254 3093 habet
2284 3027 2456 3093 enim
2487 3027 2735 3114 aliquid
2766 3036 2900 3092 tra—

1823 3130 2052 3217 hitque
2097 3152 2182 3195 ex
2225 3151 2322 3195 ea.

788 3355 905 3413 182
951 3355 1050 3413 Ps.
1083 3353 1342 3412 Laberius
1372 3374 1456 3430 ap.
1492 3356 1721 3412 Gellium
1756 3357 1857 3429 16,
1890 3358 1926 3415 7
2130 3356 2248 3415 183
2293 3357 2361 3413 F.
2394 3356 2518 3413 Seu.
2552 3356 2619 3413 de
2649 3356 2805 3413 clem.
2844 3356 2901 3430 1,

616 3441 674 3513 1,
708 3440 746 3499 8
924 3439 1044 3497 184
1093 3441 1175 3496 Gr
1206 3441 1263 3496 2.
1298 3441 1448 3496 Caec.
1480 3440 1624 3498 Balb.
1658 3441 1803 3498 Mon.
1840 3442 1940 3514 30,
1961 3443 2033 3514 *1,
2065 3460 2160 3516 pg.
2194 3441 2276 3499 30
2463 3441 2582 3499 185
2631 3443 2730 3499 Go.

615 3526 735 3583 186
783 3526 889 3583 Bo.
924 3523 998 3581 Ex
1030 3524 1316 3601 proverbio
1349 3542 1545 3601 graeco
1577 3524 1779 3582 Erasm.
1815 3526 1982 3601 Adag.
2016 3521 2078 3599 3,
2111 3527 2168 3599 3,
2203 3526 2281 3583 36
2458 3527 2575 3583 187
2621 3527 2719 3584 Ps.
2748 3525 2900 3583 Caco.

611 3610 756 3666 Ball).
783 3611 926 3667 Mon.
951 3610 1054 3683 48,
1082 3612 1140 3683 3,
1172 3629 1262 3686 pg.
1290 3610 1392 3683 34,
1424 3610 1572 3667 Sext.
1597 3610 1826 3686 Pythag.
1855 3619 1994 3667 sent.
2024 3611 2101 3668 74
2134 3628 2254 3667 011111
2286 3601 2476 3667 adnot?
2493 3610 2676 3667 01011Ῑί
2708 3627 2902 3685 opusc.

613 3711 749 3751 mor.
787 3696 843 3767 1,
877 3696 994 3753 581
1031 3704 1167 3752 extr.
1332 3696 1449 3754 188
1500 3698 1597 3753 Gr.
1632 3696 1780 3757 Caec.
1812 3696 1954 3752 Ball).
1986 3696 2106 3753 Par.
2143 3695 2246 3767 25,
2275 3713 2368 3771 pg.
2402 3695 2486 3754 40
2632 3696 2751 3753 189
2797 3696 2899 3753 Ps.

787 3779 908 3836 190
953 3781 1051 3836 Go.
1085 3780 1209 3835 Sen.
1245 3780 1310 3835 de
1341 3781 1495 3837 clem.
1534 3783 1590 3853 1,
1626 3780 1685 3855 5,
1720 3780 1756 3838 5
1926 3782 2042 3839 191
2094 3782 2192 3839 Go.
2226 3781 2351 3837 Sen.
2385 3780 2452 3837 de
2483 3780 2640 3837 clem.
2677 3781 2736 3854 1,
2769 3781 2829 3854 5,
2862 3781 2902 3837 5

782 3863 903 3920 192
950 3866 1058 3921 Bo.
1087 3864 1374 3920 Philemon
1405 3865 1565 3938 srgm.
1604 3866 1681 3923 12
1870 3866 1989 3924 193
2036 3866 2293 3941 Scaliger.
2343 3864 2471 3924 Seu.
2503 3865 2571 3922 de
2602 3874 2777 3939 tranq.
2809 3882 2898 3922 an.

616 3948 717 4022 11,
749 3946 788 4003 4
963 3947 1086 4005 194
1134 3949 1233 4005 Go.
1267 3948 1340 4004 De
1370 3966 1507 4005 mor.
1541 3949 1626 4007 40
1785 3951 1904 4009 195
1949 3952 2055 4008 Pu.
2090 3950 2215 4007 Seu.
2249 3950 2316 4006 de
2347 3950 2502 4007 010111.
2539 3950 2597 4022 2,
2630 3949 2689 4023 2,
2723 3949 2759 4006 2

615 4033 735 4090 196
786 4033 884 4088 Gr.
917 4031 1066 4089 Caec.
1101 4032 1247 4089 Balb.
1280 4032 1423 4090 Mon.
1462 4034 1518 4105 1,
1554 4034 1654 4105 16,
1685 4051 1779 4109 pg.
1818 4036 1893 4092 19
2078 4035 2197 4092 197
2242 4035 2338 4092 Ps.
2371 4035 2539 4091 Varro
2571 4034 2638 4091 de
2669 4051 2727 4090 re
2758 4043 2901 4091 rust.

574 4151 592 4176 η
613 4118 674 4191 3,
708 4116 763 4173 2.
797 4117 999 4174 Gellius
1030 4116 1090 4189 4,
1124 4117 1184 4189 5,
1219 4118 1256 4174 5
1455 4118 1573 4176 198
1622 4119 1728 4176 Βο.
1758 4118 1961 4176 Erasmi
1993 4120 2162 4195 Adag.
2199 4120 2257 4192 3,
2288 4120 2350 4192 5,
2384 4120 2458 4176 11
2658 4118 2776 4176 199
2824 4121 2900 4177 R.

615 4203 741 4259 Sen.
773 4201 841 4259 de
883 4204 956 4258 ira
991 4201 1060 4275 2,
1095 4203 1173 4260 29
1377 4203 1501 4261 200
1542 4205 1641 4260 Ps.
1846 4204 1964 4262 201
2017 4206 2114 4262 Gr.
2147 4202 2296 4260 Caec.
2339 4204 2481 4260 Balb.
2516 4204 2658 4261 Mon.
2694 4203 2807 4274 15,
2842 4205 2904 4277 5,

615 4305 706 4362 pg.
742 4286 850 4362 243
887 4287 956 4343 cf.
990 4287 1234 4343 Menand.
1267 4287 1502 4344 Monost.
1536 4287 1678 4346 263.
1716 4289 1836 4347 673
2022 4288 2141 4347 202
2191 4290 2275 4345 Gr
2305 4289 2360 4345 2.
2393 4288 2543 4345 Caec.
2576 4288 2719 4345 Balb.
2753 4288 2903 4345 Mon.

619 4373 677 4444 1,
713 4373 770 4445 7,
801 4390 896 4446 pg.
936 4372 1010 4430 18
1213 4372 1334 4431 203
1383 4374 1482 4431 Go.
1517 4373 1643 4429 Sen.
1676 4373 1743 4429 de
1774 4374 1928 4430 010111.
1964 4373 2024 4447 2,
2056 4374 2116 4446 5,
2146 4373 2186 4429 4
2382 4373 2504 4432 204
2547 4374 2643 4432 Ps.
2675 4373 2799 4431 Seu.
2836 4374 2906 4430 de

614 4457 826 4531 provid.
860 4456 920 4529 3,
956 4457 988 4513 1
1165 4456 1287 4517 205
1336 4459 1436 4517 Go.
1467 4458 1591 4516 Sen.
1624 4459 1692 4515 de
1722 4458 1877 4516 010111.
1914 4459 1973 4533 2,
2006 4460 2064 4531 6,
2096 4457 2136 4514 4
