3209 5184
1166 443 1716 492 rsonae-onnus.
2508 427 2594 493 59

290 599 421 680 tis,
477 607 551 664 ut
603 598 727 662 hac
768 619 1028 685 quoque
1070 597 1154 662 de
1198 619 1395 663 causa
1436 620 1667 664 versus
1711 620 1752 664 a
1795 597 2079 665 Grutero
2125 620 2211 664 ex
2253 597 2590 664 codicibus

292 700 627 765 Palatinis
670 708 972 787 receptus

754 840 1017 902 Gemitus
1057 844 1277 903 dolores
1318 844 1557 911 indicat,
1598 862 1725 923 ngm
1765 845 2042 911 vindicat,

292 997 338 1036 a
385 972 670 1037 Publilio
725 972 1201 1038 abiudicandus
1247 975 1354 1038 sit.
1440 975 1731 1039 Maxime
1784 994 1940 1039 vero
1985 972 2347 1039 delectatur
2387 974 2590 1059 gemi-

174 1094 197 1107 “
292 1076 587 1158 natione,
632 1083 708 1139 ut
750 1074 926 1139 idem
971 1075 1361 1142 vocabulum
1406 1076 1506 1141 bis
1553 1076 1860 1165 deinceps
1905 1085 2203 1163 ponatur.
2293 1075 2433 1141 cfr.

721 1242 753 1289 3
795 1232 1054 1293 Animus
1093 1237 1277 1294 vereri
1318 1238 1421 1308 qui
1460 1238 1583 1305 seit,
1627 1238 1733 1295 scit
1774 1240 1902 1294 tuta
1943 1237 2188 1310 inyredi.

649 1344 751 1392 216
792 1337 985 1396 Homo
1026 1355 1195 1410 saepe
1233 1337 1424 1409 fertur
1462 1339 1533 1396 in
1572 1338 1756 1405 alimi,
1801 1338 1965 1396 aliud
2006 1339 2232 1411 coqitat.

650 1446 751 1495 412
793 1437 937 1499 Non
974 1457 1198 1512 semper
1236 1458 1442 1498 aurem
1482 1439 1715 1510 facaeZem
1753 1439 2011 1510 facilitas
2051 1440 2236 1498 habet.

650 1548 750 1596 463
791 1542 914 1600 Pro
956 1543 1243 1600 medicina
1285 1546 1365 1600 est
1407 1542 1585 1610 dolor,
1631 1543 1880 1600 dolorem
1920 1542 2023 1613 qui
2067 1545 2247 1601 meat.

648 1650 751 1697 524
795 1644 910 1718 Qui
950 1646 1107 1701 fimet
1149 1646 1422 1712 amic-um,
1466 1647 1690 1702 amicus
1731 1648 1798 1702 ut
1840 1646 2038 1701 timeat
2080 1644 2252 1701 docet.

648 1750 745 1799 541
795 1745 909 1820 Qui
941 1751 1076 1818 pote
1117 1746 1298 1804 celare
1340 1747 1564 1814 vitium,
1606 1747 1816 1803 vitium
1859 1762 1980 1803 non
2021 1744 2184 1815 facit.

298 1913 472 1978 quae
522 1888 777 1955 librarii
834 1890 1134 1978 pluribus
1192 1890 1353 1958 locis
1407 1892 1917 1980 transpositione
1960 1859 2312 1955 verborum
2356 1889 2589 1954 obscu-

297 2001 636 2057 raverunt.
724 1993 829 2058 Cf.
888 2015 954 2056 v.
998 1993 1043 2056 4
1092 1995 1357 2076 infirma
1406 1997 1633 2078 firma,
1695 1993 1816 2058 179
1859 1993 2075 2075 perdit
2114 1994 2405 2075 perdere,
2467 1991 2592 2054 224

289 2116 536 2178 pareas
576 2116 849 2176 parcae,
913 2094 1037 2158 291
1094 2096 1298 2160 valere
1350 2098 1587 2174 valent,
1657 2096 1786 2159 340
1841 2096 2055 2160 multis
2109 2095 2350 2173 multae,
2422 2096 2594 2175 cupit

299 2200 502 2280 cupit,
557 2197 686 2261 584
726 2217 909 2279 posse
951 2200 1182 2279 possit,
1241 2207 1307 2262 et
1361 2221 1427 2262 v.
1493 2199 1648 2279 138,
1693 2198 1764 2261 si
1819 2218 1979 2289 vtera
2035 2205 2137 2260 est
2195 2196 2590 2276 coniectura,

302 2302 613 2364 amissum
669 2302 999 2363 amittitur.
1087 2300 1457 2386 Aliquoties
1521 2309 1743 2364 tamen
1796 2298 2044 2363 factum
2099 2305 2228 2379 est,
2295 2304 2368 2361 ut
2431 2295 2591 2361 haec

300 2402 512 2485 figura
556 2401 749 2464 metri
791 2402 1167 2465 necessitati
1211 2401 1504 2484 cederet,
1561 2399 1747 2466 velut
1790 2424 1855 2464 v.
1898 2400 1985 2465 50
2026 2401 2221 2465 emori
2263 2400 2454 2481 mori,
2507 2397 2591 2462 66

302 2504 694 2566 interimitur
724 2504 913 2585 perit,
958 2503 1083 2567 598
1128 2506 1342 2568 timere
1387 2509 1642 2568 metuas.
1732 2502 1815 2566 In
1844 2502 1970 2567 hoc
1997 2510 2133 2565 tam
2165 2501 2406 2584 insigni
2441 2522 2588 2565 con·

302 2604 643 2667 cinnitatis
700 2603 918 2668 studio
973 2604 1115 2667 fieri
1170 2606 1287 2673 vix
1341 2606 1590 2692 potuit,
1648 2614 1722 2669 ut
1775 2602 2099 2669 Publilius
2156 2626 2222 2666 v.
2276 2603 2360 2666 33
2413 2600 2592 2666 nulla

303 2706 668 2770 tetrametri
725 2703 870 2789 lege
923 2706 1276 2793 impeditus
1322 2706 1625 2772 maluerit
1670 2706 1956 2779 scribere
1997 2710 2308 2787 quantum
2351 2706 2587 2781 melior,

304 2813 477 2872 tanto
520 2808 803 2888 nequior.
1600 2860 1607 2867 .

475 2909 641 2973 Cum
671 2907 945 2973 Publilii
990 2910 1352 2974 sententiae
1396 2934 1515 2997 pro
1559 2911 1737 2974 vitae
1781 2911 2147 2998 praeceptis
2177 2907 2309 2971 sint
2345 2907 2588 2971 haben-

305 3010 459 3093 dae,
503 3010 971 3095 gravissimum
1014 3013 1140 3076 erit
1182 3014 1535 3100 inquirere,
1581 3035 1711 3099 qua
1753 3011 2066 3077 orationis
2111 3010 2321 3074 forma
2361 3011 2431 3073 in
2474 3008 2587 3072 ad-

304 3111 630 3178 monendo
673 3135 830 3176 usus
873 3114 984 3177 sit.
1068 3113 1373 3199 Magistri
1417 3114 1682 3178 virtutis
1724 3123 1823 3178 est
1852 3136 1996 3177 cum
2026 3112 2262 3177 docere
2291 3109 2450 3198 quid
2479 3111 2589 3193 sit,

306 3224 443 3279 tum
496 3215 875 3301 praecipere
928 3229 1111 3301 quae
1148 3215 1369 3279 facere
1411 3215 1784 3279 debeamus.
1872 3215 2158 3279 Docenti
2198 3223 2273 3277 ut
2317 3222 2416 3277 est
2455 3235 2588 3276 ma-

304 3318 479 3380 xime
538 3327 1043 3381 consentaneum
1092 3318 1191 3382 uti
1248 3316 1440 3383 modo
1496 3316 1855 3382 indicativo
1870 3317 1969 3400 ²¹²),
2038 3318 2129 3382 ita
2192 3315 2589 3396 exhortanti,

302 3426 492 3507 prout
534 3415 835 3499 libuerit,
888 3429 1002 3482 aut
1042 3414 1431 3507 im‘perativo
1484 3429 1601 3484 aut
1651 3419 1981 3505 praesenti
2031 3417 2432 3481 coniunctivi
2473 3426 2590 3479 aut

304 3520 520 3583 futuro
579 3517 929 3613 indicativi
981 3522 1079 3585 uti
1133 3519 1310 3585 licet.
1398 3520 1529 3585 Sed
1591 3521 2083 3608 imperativo
2096 3568 2115 3600 ,
2173 3520 2326 3602 quia
2380 3518 2588 3603 poetis

304 3621 671 3708 imperandi
713 3622 815 3685 ius
861 3622 1074 3686 minus
1108 3623 1498 3710 permissum
1529 3633 1649 3706 est,
1695 3621 1989 3687 consulto
2017 3620 2336 3686 abstinuit
2365 3616 2587 3682 Publi-

306 3720 428 3785 lius
475 3731 751 3809 excepto
794 3745 925 3787 uno
969 3746 1165 3788 versu
1204 3725 1328 3788 261

791 3864 895 3923 Ita
938 3867 1098 3924 erede
1139 3869 1344 3934 amico,
1390 3885 1463 3924 ne
1504 3868 1580 3924 εῖτ
1627 3867 1859 3925 inimico
1903 3867 2075 3934 lomts,

304 3994 415 4057 ubi
469 3995 962 4059 coniunctivum
1016 3997 1227 4081 magis
1274 4018 1359 4060 ex
1400 4018 1525 4059 usu
1568 3996 1911 4082 scriptoris
1963 4017 2105 4059 esse
2149 3994 2400 4059 librarii
2443 3994 2586 4056 Fri-

306 4097 519 4179 gensis
562 4094 787 4183 lapsus
820 4098 1092 4182 (eredas)
1125 4098 1285 4162 satis
1331 4097 1641 4181 ostendit,
1684 4119 1808 4161 nec
1850 4096 2141 4185 profecto
2180 4098 2276 4161 ita
2303 4096 2586 4160 scribere

436 4318 493 4383 *)
529 4321 688 4370 Unus
726 4325 814 4369 est
848 4337 1056 4378 versus,
1094 4322 1152 4371 in
1188 4337 1294 4386 quo
1331 4327 1498 4387 poeta
1531 4323 1711 4388 prima
1745 4337 1981 4393 persona
2015 4335 2149 4369 usus
2173 4319 2242 4369 de
2265 4322 2441 4368 semet
2465 4318 2585 4383 ipso

306 4402 566 4467 loquitur,
617 4406 713 4454 146
752 4400 900 4454 Deos
946 4402 1127 4454 ridere
1170 4403 1360 4468 credo,
1404 4419 1529 4457 cum
1574 4403 1714 4468 felix
1757 4406 1927 4468 vocet,
1975 4410 2221 4455 ceterum
2266 4419 2301 4453 a
2335 4401 2588 4454 codicum

304 4490 640 4539 auctoritate
675 4504 868 4553 parum
904 4490 1340 4543 commendatus.
