3209 5184
833 492 1046 540 ιΝιῈΒ
1090 490 1553 540 PUBLILIANAS
1599 490 1990 540 RECEPTAE.
2353 517 2362 522 .
2435 481 2555 544 133

433 649 703 735 Semper
745 643 1070 709 redundat
1112 644 1255 732 ipse
1297 646 1368 710 in
1414 653 1713 711 auctores
1758 645 1974 710 timor.

433 749 656 815 Servis
702 748 1022 836 imperare
1064 747 1397 812 moderate
1440 745 1579 811 laus
1628 754 1749 811 est.

402 851 762 917 -Severitas
806 848 1072 916 assidua
1114 849 1357 914 amittit
1401 849 1898 936 auctoritatem.

434 953 861 1018 Severitatem
905 950 1217 1033 abditam,
1265 950 1674 1015 clementiam
1719 952 1787 1015 in
1830 950 2171 1037 procinctu
2213 952 2405 1017 habe.

268 1061 389 1120 345
435 1054 543 1120 Sic
585 1054 893 1141 prodesto
938 1052 1169 1135 amico,
1215 1073 1298 1115 ne
1342 1051 1467 1116 tibi
1510 1073 1780 1136 noceas;
1828 1052 1925 1116 sic
1966 1074 2090 1137 age
2129 1052 2434 1139 alienum,
2480 1064 2553 1120 ut

1329 1162 1516 1219 tuum
1557 1175 1690 1218 non
1733 1153 2150 1219 obliviscaris
2195 1156 2550 1240 negotium.

432 1258 589 1323 Sine
631 1266 803 1322 teste
846 1255 1109 1321 nullum'
1144 1276 1287 1321 esse
1330 1256 1667 1343 putaveris
1712 1254 1945 1321 locum.
2170 1264 2176 1272 “

431 1361 504 1426 Si
547 1361 693 1446 quis
737 1358 820 1423 ab
866 1357 994 1423 alio
1039 1358 1241 1423 iratus
1287 1378 1528 1445 poenas
1576 1358 1850 1445 expetit,
1897 1379 1937 1421 a
1981 1379 2052 1421 se
2098 1359 2329 1447 exigit.

434 1462 505 1528 Si
550 1463 655 1525 vis
699 1462 924 1543 amari,
970 1482 1135 1524 ama.

434 1563 761 1630 Solacium
804 1561 1056 1648 grande
1101 1570 1201 1626 est
1247 1583 1394 1625 cum
1437 1563 1748 1626 universo
1790 1582 1924 1625 una
1966 1561 2129 1647 rapi.

264 1674 389 1733 350
432 1665 774 1732 Sordidius
818 1663 1022 1732 multo
1066 1663 1354 1728 vivimus
1402 1685 1596 1751 quam
1640 1664 1988 1728 nascimur.

430 1767 779 1856 Spiritum,
843 1788 1037 1853 quem
1091 1788 1258 1830 unus
1316 1766 1441 1831 tibi
1492 1765 1710 1848 dedit,
1766 1764 1922 1830 licet
1966 1764 2293 1830 minentur
2329 1767 2547 1851 multi,

1323 1890 1455 1954 non
1496 1867 1753 1983 perdes,
1798 1867 1929 1932 nisi
1971 1889 2140 1931 unus
2184 1866 2548 1933 abstulerit.

429 1969 712 2037 Stultum
757 1980 887 2052 est,
948 1973 1060 2057 qui
1102 1946 1585 2056 multitudinem
1631 1970 1701 2033 in
1744 1968 1886 2034 loco
1929 1969 2149 2052 timet,
2196 1991 2315 2057 per
2358 1992 2549 2057 quem

1322 2071 1454 2136 nisi
1496 2094 1663 2137 unus
1708 2080 1922 2157 potest
1964 2070 2264 2134 transire.

429 2174 714 2241 Stultum
759 2183 858 2238 est
898 2173 1151 2256 timere,
1198 2173 1375 2260 quod
1416 2174 1618 2237 vitari
1660 2195 1795 2237 non
1837 2181 2074 2259 potest.

430 2275 710 2342 Stultum
755 2276 1077 2363 imperare
1120 2274 1414 2361 reliquis,
1461 2275 1573 2361 qui
1616 2276 1830 2338 nescit
1874 2273 2025 2338 sibi.

481 2377 883 2443 Suavissima
924 2376 1086 2441 haec
1131 2385 1228 2441 est
1271 2377 1433 2460 vita,
1479 2377 1538 2440 si
1582 2376 1798 2462 sapias
1845 2374 2034 2439 nihil.

256 2446 384 2503 355
432 2378 646 2583 {Nam
689 2485 923 2567 sapere
963 2477 1059 2542 nil
1102 2477 1345 2544 doloris
1392 2498 1627 2566 expers
1674 2487 1773 2541 est
1815 2476 2077 2543 malum.

429 2583 735 2649 Subiecta
779 2590 1047 2667 semper'
1078 2580 1372 2645 invidiae
1415 2578 1723 2644 felicitas.

429 2681 720 2751 Subinde
764 2682 882 2748 bos
926 2681 1175 2747 alienus
1221 2690 1595 2771 prospectat
1640 2681 1835 2746 foras.

427 2786 743 2874 Suspecta
787 2806 1040 2873 semper
1086 2794 1465 2850 ornamenta
1509 2782 1896 2848 ementibus.

425 2888 670 2953 Tacere
715 2909 832 2973 pro
876 2909 946 2951 se
990 2896 1300 2974 praestat,
1349 2908 1542 2974 quam
1587 2894 1814 2950 contra
1856 2884 2053 2972 loqui.

250 2975 381 3057 360
425 2990 707 3055 Tamdiu
749 3011 788 3052 a
830 2989 1118 3076 periculo
1178 2989 1391 3055 aberit
1435 2986 1746 3076 populus,
1807 2986 2117 3073 quamdiu
2162 2990 2327 3052 sciet
2370 2989 2542 3052 ferre

1319 3089 1562 3155 frenos.

424 3193 706 3257 Tamdiu
748 3192 1131 3257 discendum
1176 3203 1273 3257 est
1318 3192 1586 3275 homini,
1635 3191 1944 3278 quamdiu
1986 3191 2258 3255 nesciat.

424 3295 583 3359 Tam
632 3294 933 3361 omnibus
980 3317 1175 3381 quam
1218 3293 1381 3360 nulli
1425 3291 1763 3379 ignoscere
1808 3301 1907 3357 est
1950 3291 2322 3359 crudelitas

423 3506 541 3563 341
589 3507 687 3563 Ps.
723 3506 849 3563 Sen.
880 3507 946 3563 (16
986 3508 1063 3573 ira
1096 3504 1166 3579 2,
1202 3505 1312 3577 11,
1345 3506 1381 3562 3
1415 3504 1538 3562 coll.
1572 3505 1697 3562 Sen.
1732 3504 1920 3578 Oedip.
1955 3502 2076 3562 704
2107 3505 2191 3561 ed.
2224 3505 2382 3562 Both.
2420 3506 2538 3563 719

235 3594 324 3649 ed.
363 3591 512 3665 Pefp.
718 3591 838 3648 342
887 3591 992 3648 Ρη.
1025 3591 1150 3648 Seu.
1196 3589 1264 3647 de
1302 3591 1457 3646 clem.
1507 3591 1535 3645 1
1558 3633 1574 3661 ,
1611 3590 1724 3660 18,
1762 3590 1792 3643 1
1997 3587 2118 3646 343
2163 3591 2272 3646 Ρη.
2308 3589 2435 3645 Sen.
2468 3591 2536 3647 (16

236 3678 405 3733 clem.
443 3677 509 3747 1,
543 3676 656 3748 22,
690 3675 725 3731 2
911 3675 1033 3733 344
1081 3678 1178 3733 Go.
1213 3674 1338 3731 Seu.
1382 3675 1449 3731 de
1485 3674 1641 3731 clem.
1680 3676 1745 3745 1,
1783 3674 1848 3743 1,
1880 3671 1919 3727 4
2115 3673 2236 3731 345
2284 3675 2349 3742 Q.
2384 3674 2536 3733 Gaec.

234 3761 394 3818 Balb.
425 3762 543 3817 Par.
574 3760 678 3834 45,
712 3759 809 3819 46.
844 3779 938 3835 pg.
969 3760 1048 3817 41
1207 3758 1329 3817 346
1375 3761 1443 3816 F.
1480 3759 1569 3831 Cf.
1604 3775 1766 3833 supra
1797 3776 1892 3833 pg.
1935 3758 2036 3832 91,
2074 3759 2149 3816 16
2299 3759 2421 3817 347
2469 3762 2536 3817 F.

234 3847 332 3919 Cf.
374 3863 538 3920 supra
569 3865 664 3920 pg.
702 3845 842 3918 107,
877 3846 997 3904 105
1191 3843 1313 3903 348
1363 3845 1459 3902 Go.
1493 3844 1620 3900 Sen.
1650 3844 1809 3917 epist.
1846 3844 1904 3915 9,
1939 3843 1974 3900 6
2171 3844 2291 3902 349
2340 3847 2439 3903 Gr.
2475 3865 2538 3903 ex

229 3932 365 3988 cod.
402 3931 568 3986 Palat.
632 3931 759 3986 Scn.
793 3931 858 3987 (16
887 3923 1104 4005 provid.
1137 3929 1197 4002 5,
1229 3930 1266 3987 8
1426 3929 1551 3987 350
1597 3929 1696 3985 Gr.
1732 3946 1797 3985 ex
1827 3929 1990 3985 Palat.
2054 3928 2127 3985 De
2158 3947 2294 3987 mor.
2333 3930 2407 3988 19

230 4017 362 4074 351
415 4018 484 4072 P.
660 4014 781 4072 352
830 4016 895 4084 Q.
1066 4015 1188 4073 353
1235 4016 1308 4069 E.
1348 4014 1437 4087 Cf.
1473 4031 1634 4088 supra
1666 4032 1761 4089 pg.
1798 4014 1939 4086 107,
1977 4012 2099 4072 100
2266 4014 2389 4072 354
2435 4015 2533 4073 Ps.

227 4103 400 4158 Caco.
434 4099 578 4156 Balb.
611 4100 731 4156 Par.
764 4100 876 4170 35,
908 4118 1000 4174 pg.
1033 4099 1147 4170 40,
1185 4101 1431 4157 Stultum
1472 4106 1589 4172 est,
1632 4104 1685 4156 si
1726 4104 1855 4156 velit
1894 4103 2189 4171 imperare
2231 4103 2394 4171 aliiS,
2438 4104 2540 4173 qui

223 4190 346 4245 sibi
377 4188 566 4242 nescit
599 4185 663 4253 Q.
781 4184 901 4243 355
948 4186 1056 4242 Bo.
1084 4184 1248 4259 Soph.
1277 4185 1419 4246 Aiac.
1448 4183 1570 4241 554
1687 4184 1809 4242 356
1858 4185 1941 4240 Gr
1965 4184 2020 4240 2.
2050 4182 2197 4240 Caco.
2222 4183 2364 4240 Balb.
2391 4185 2533 4242 Mon.

228 4274 350 4343 10,
389 4270 463 4341 4,
493 4288 587 4343 pg.
622 4269 703 4324 22
887 4269 1007 4327 357
1056 4272 1163 4327 Βο.
1195 4270 1446 4326 Proverb.
1482 4286 1658 4344 graec.
1692 4286 1755 4325 ex
1787 4267 1989 4323 Erasmi
2020 4267 2189 4343 Adag.
2228 4270 2284 4340 1,
2321 4269 2420 4340 10,
2454 4270 2532 4328 62

417 4354 540 4412 358
584 4355 684 4410 Ps.
720 4354 843 4411 Sen.
876 4355 1036 4429 epist.
1072 4355 1172 4426 80,
1207 4355 1242 4411 9
1417 4353 1538 4413 359
1588 4354 1672 4409 Gr
1703 4354 1759 4410 2.
1795 4353 1947 4410 Caco.
1980 4351 2124 4408 Balb.
2156 4353 2300 4411 Mon.
2337 4354 2438 4425 26,
2472 4355 2531 4426 3,

218 4462 322 4518 pg.
363 4440 451 4497 28
648 4439 773 4498 360
818 4440 917 4497 Go.
952 4438 1074 4495 Scn.
1111 4440 1177 4495 de
1208 4439 1362 4495 clem.
1401 4441 1457 4510 1,
1489 4439 1546 4510 4,
1583 4438 1620 4494 2
1806 4438 1925 4496 361
1977 4438 2073 4496 Gr.
2111 4455 2175 4494 ex
2205 4438 2371 4495 Palat.
2405 4439 2530 4496 Sen.

215 4530 403 4604 epist.
439 4525 539 4597 76,
572 4523 608 4580 2
783 4524 902 4582 362
947 4525 1058 4583 Pn.
1090 4525 1213 4582 Sen.
1246 4524 1312 4580 de
1338 4524 1489 4580 clem.
1527 4525 1557 4581 1
1578 4566 1594 4594 ,
1629 4522 1700 4596 2,
1733 4522 1770 4579 2

56 5023 455 5160 Q
