3209 5184
785 421 1000 472 INTER
1043 420 1511 470 PUBLILIANAS
1556 419 1941 471 RECEPTAE.
2337 453 2340 456 -
2387 402 2507 471 129

386 579 581 643 Nulla
623 588 759 643 tam
806 579 974 643 bona
1017 598 1218 659 uxor,
1278 576 1362 641 de
1407 598 1532 663 qua
1575 598 1707 641 non
1751 577 2048 640 invenias
2096 577 2254 662 quid
2299 578 2506 663 queri.

385 680 566 746 Nulli
610 682 924 767 imponas,
974 678 1147 764 quod
1192 679 1334 764 ipse
1377 701 1509 742 non
1552 680 1764 765 possis
1812 680 1971 765 pati.

384 782 652 848 Nullum
709 803 795 845 ex
838 779 1137 847 omnibus
1196 778 1542 844 clementia
1595 781 1805 865 magis
1864 802 2057 867 quam
2116 802 2337 866 regem
2393 790 2506 847 aut

1025 878 1387 968 praelatum
1431 876 1639 946 d'ecet.
2375 901 2388 912 ·

224 994 340 1051 255
387 973 653 1052 Nullum
699 983 989 1049 laborem
1018 992 1323 1049 recusant
1351 1006 1581 1049 manus
1612 983 1697 1049 ab
1727 993 1943 1049 aratro
1972 984 2057 1049 ad
2086 1000 2267 1050 arma
2294 992 2504 1051 trans-

252 1079 263 1084 “
1026 1085 1218 1151 latae.

387 1189 656 1256 Nullum
697 1188 1017 1254 morosius
1064 1197 1166 1252 est
1207 1187 1450 1252 animal
1493 1190 1865 1275 maioreque
1909 1197 2049 1253 arte
2096 1189 2508 1254 tractandum

1028 1311 1222 1376 quam
1265 1290 1489 1356 homo:
1539 1300 1603 1356 et
1646 1288 1811 1355 nulli
1854 1292 2064 1376 magis
2106 1289 2506 1377 parcendum

1028 1395 1223 1478 quam
1264 1392 1533 1458 homini.

385 1493 653 1559 Nullum
702 1496 841 1560 sine
885 1502 1370 1559 auctoramento
1418 1503 1518 1557 est
1559 1514 1869 1580 magnum
1912 1493 2173 1560 malum.

386 1596 623 1661 Nullus
669 1597 1038 1683 sapientum
1081 1596 1401 1683 proditori
1448 1595 1749 1660 credidit.

384 1700 757 1786 Numquam
798 1696 1120 1783 liquidum
1167 1699 1621 1784 sincerumque
1666 1720 1751 1762 ex
1793 1697 2058 1764 turbido
2106 1700 2309 1762 venit.

223 1808 343 1868 260
390 1801 756 1889 Numquam
803 1821 998 1887 quam
1039 1798 1261 1865 multis
1269 1848 1289 1883 ,
1334 1799 1452 1863 sed
1497 1800 1800 1886 qualibus
1846 1799 2125 1887 placeas,
2174 1803 2384 1866 stude.

387 1904 756 1989 Numquam
800 1902 960 1967 satis
1007 1912 1126 1983 est,
1174 1901 1348 1988 quod
1391 1903 1744 1995 improbae,
1772 1903 1914 1990 spei
1957 1903 2172 1968 datur.

386 2005 758 2090 Numquam
804 2025 1034 2068 secura
1078 2013 1177 2068 est
1219 2026 1425 2090 prava
1468 2006 1889 2070 conscientia.

386 2107 754 2193 Numquam
801 2105 1064 2171 virtutis
1111 2104 1303 2171 molle
1347 2105 1805 2171 documentum
1852 2114 1970 2171 est.

387 2208 779 2273 Occasiones
826 2229 956 2272 non
998 2206 1193 2273 modo
1235 2209 1483 2295 accipe,
1529 2210 1764 2295 arripe.

218 2317 339 2374 265
389 2308 519 2374 Odi
562 2310 861 2396 praecoci
903 2307 1208 2396 puerulos
1255 2311 1594 2426 sapientia.

391 2411 519 2476 Odi
565 2412 947 2498 sapientem,
995 2412 1108 2497 qui
1154 2411 1282 2475 sibi
1326 2412 1456 2498 ipsi
1497 2433 1630 2476 non
1674 2412 1867 2498 sapit.

390 2513 627 2578 Omnes
675 2514 881 2578 vitam
927 2512 1300 2577 differentes
1345 2535 1520 2578 mors
1564 2514 1813 2578 incerta
1855 2515 2217 2599 praevenit.

389 2615 593 2679 Omne
637 2614 876 2679 vitium
918 2613 1118 2679 habet
1162 2616 1595 2701 patrocinium
1642 2637 1851 2679 suum.
2263 2607 2268 2612 ’

391 2717 623 2781 Omnia
679 2739 824 2780 cum
870 2716 1135 2781 inimico
1182 2718 1546 2782 communia
1589 2716 1894 2798 habebit,
1953 2718 2065 2802 qui
2108 2716 2312 2781 multa
2358 2703 2502 2780 cuin

1023 2819 1301 2884 homine.

216 2927 346 2985 270
395 2920 627 2985 Omnia
674 2919 934 3001 subicit,
984 2922 1096 3006 qui
1140 2942 1209 2985 se
1255 2921 1497 2986 subicit
1541 2920 1802 2986 rationi.

258 3061 265 3068 ·
389 3023 581 3086 Omni
623 3022 721 3085 rei
764 3021 1124 3087 moderatio
1172 3032 1272 3087 est
1313 3022 1707 3088 adhibenda.

389 3123 611 3188 Omnis
661 3122 802 3188 dies
848 3122 1030 3188 velut
1072 3122 1338 3190 ultimus
1383 3123 1713 3211 putandus
1759 3133 1878 3189 est.

387 3437 504 3494 252
553 3438 636 3496 Gr
668 3436 723 3492 2.
757 3438 906 3495 Caec.
936 3437 1078 3495 Balh.
1112 3437 1251 3496 Mon.
1292 3439 1390 3512 17,
1422 3438 1481 3511 2,
1512 3456 1603 3513 pg.
1640 3439 1737 3497 26.
1769 3437 1923 3494 Publ.
1955 3436 2071 3512 Syr.
2105 3455 2152 3492 v.
2186 3437 2310 3495 384
2506 3485 2514 3492 .

203 3523 330 3580 253
383 3523 479 3579 Ps.
511 3522 663 3579 Caco.
698 3523 838 3580 Balb.
874 3523 1016 3580 Mon.
1055 3525 1112 3595 1,
1146 3524 1243 3595 20,
1275 3542 1371 3598 pg.
1409 3524 1483 3580 19
1689 3522 1812 3580 254
1838 3520 1958 3579 4(ἕο.
1993 3523 2116 3578 Sen.
2149 3523 2215 3578 de
2246 3522 2403 3578 clem.
2442 3523 2497 3595 1,

202 3608 259 3680 3,
294 3608 337 3665 3
516 3607 638 3665 255
688 3609 752 3677 Q.
786 3608 912 3665 Sen.
947 3610 1103 3683 epist.
1140 3609 1242 3681 51,
1280 3610 1310 3664 1
1487 3608 1607 3666 256
1658 3610 1759 3665 Go,
1794 3606 1916 3664 Seu.
1950 3607 2016 3663 de
2047 3608 2197 3664 clem.
2236 3607 2291 3679 1,
2330 3609 2425 3678 17,
2462 3609 2492 3663 1

379 3692 501 3749 257
548 3693 646 3749 Ps.
682 3694 807 3750 Seu.
843 3696 1000 3769 epist.
1034 3694 1134 3766 69,
1163 3692 1205 3750 4
1413 3693 1533 3750 258
1584 3694 1685 3751 Gr.
1717 3710 1782 3749 ex
1814 3693 1936 3750 cod.
1968 3693 2133 3749 Palat.
2168 3692 2318 3748 Caec.
2353 3692 2495 3747 Balb.

204 3779 325 3833 Par.
365 3778 424 3850 3,
456 3795 556 3852 pg.
592 3779 695 3851 38,
728 3778 834 3835 Cic.
869 3780 1077 3835 Verrin.
1119 3780 1172 3850 1,
1211 3779 1308 3851 15,
1342 3778 1420 3836 38
1539 3778 1660 3837 259
1713 3779 1812 3837 Go.
1846 3779 1971 3835 Sen.
2005 3778 2071 3835 de
2102 3778 2254 3834 clem.
2290 3778 2348 3849 2,
2375 3778 2430 3848 6,
2464 3779 2494 3832 1

378 3863 504 3920 260
548 3864 618 3919 F.
652 3863 725 3920 De
755 3881 890 3919 mor.
924 3865 960 3920 8
994 3882 1106 3920 non
1136 3882 1308 3937 quam
1336 3866 1526 3920 mullis
1699 3864 1821 3923 261
1868 3865 1965 3921 Ps.
2125 3864 2246 3921 262
2293 3864 2392 3919 Ps.
2429 3863 2498 3916 De

199 3966 341 4004 mor.
377 3947 456 4005 65
491 3948 618 4004 coll.
651 3948 775 4005 Sen.
807 3950 965 4023 epist.
1005 3948 1144 4022 105,
1176 3950 1214 4007 8
1399 3948 1520 4006 263
1567 3951 1643 4007 R.
1679 3950 1802 4007 Sen.
1838 3950 1904 4006 de
1928 3949 2138 4024 provid.
2172 3948 2233 4019 4,
2272 3948 2346 4003 12

198 4032 329 4091 264
379 4035 464 4088 Gr
506 4032 563 4089 2.
609 4032 759 4090 Caec.
804 4033 948 4090 Balb.
995 4034 1137 4091 Mon.
1185 4034 1296 4104 29,
1343 4034 1412 4107 2,
1454 4053 1548 4109 pg.
1595 4034 1709 4109 29,
1750 4036 1913 4091 PariS.
1958 4036 2028 4106 6,
2069 4052 2161 4109 pg.
2205 4034 2283 4090 38

196 4119 326 4178 265
375 4120 483 4175 Bo.
518 4118 777 4192 Apuleius
809 4119 964 4192 Apol.
1000 4119 1035 4174 2
1221 4120 1341 4177 266
1389 4121 1495 4176 Βο.
1531 4120 1773 4176 Menand.
1807 4121 1888 4175 ed.
1923 4119 2079 4175 Mein.
2111 4137 2167 4192 p.
2202 4118 2324 4175 326

195 4204 325 4262 267
374 4206 447 4260 F.
481 4203 559 4259 Cf.
606 4221 769 4278 supra
812 4222 904 4279 pg.
950 4204 1051 4275 94,
1099 4204 1177 4261 26
1281 4253 1285 4256 Α
1395 4205 1516 4263 268
1564 4206 1632 4261 F.
1676 4205 1801 4260 Sen.
1850 4206 2007 4278 epist.
2056 4203 2211 4276 116,
2245 4201 2281 4257 2

193 4290 324 4348 269
378 4290 443 4358 Q.
477 4289 603 4345 Scn.
636 4291 794 4363 epist.
828 4289 931 4361 47,
964 4290 1002 4346 3
1143 4290 1265 4346 270
1312 4291 1377 4359 Q.
1411 4292 1504 4363 qui
1534 4306 1641 4346 scr.
1674 4290 1831 4346 Omn.
1867 4291 1975 4366 sibi
2003 4291 2132 4360 qui,·
2176 4287 2301 4343 Sen.
2334 4289 2490 4361 epist.

192 4365 314 4447 37,
352 4374 393 4428 4
437 4373 671 4429 ‘Rationi
716 4382 770 4430 te
813 4373 1028 4447 subice,
1072 4376 1117 4430 si
1158 4376 1236 4431 vis
1279 4377 1456 4431 omnia
1500 4374 1759 4431 vincere.'
1955 4373 2072 4428 271
2126 4372 2223 4428 Ge.
2260 4372 2382 4428 Seu.
2426 4372 2492 4427 de

188 4461 355 4516 clem.
394 4461 451 4530 1,
485 4459 545 4530 2,
578 4459 614 4513 2
789 4459 909 4516 272
958 4460 1022 4516 F.
1057 4460 1135 4516 Cf.
1170 4478 1331 4534 supra
1362 4479 1455 4536 pg.
1492 4460 1591 4532 94,
1627 4461 1703 4515 27

296 4566 562 4604 Punmmus
590 4563 750 4604 Smne.
2053 4558 2082 4604 9
