3209 5184
563 438 641 502 12
1421 453 1970 501 PROLEGOMENA.

470 652 474 659 -
556 609 786 671 micum
828 611 897 670 tr
911 609 1362 688 ayicumque
1414 612 1528 671 aut
1578 606 1943 671 Romanum
1986 610 2100 670 aut
2144 604 2488 684 Graecum,
2538 609 2594 669 et
2624 606 2835 687 pluri-

557 728 689 772 mos
728 709 1007 791 deinceps
1044 728 1255 774 versus
1295 708 1596 788 referebat
1626 707 1894 772 Publilii
1932 708 2528 785 disertissimos,
2579 715 2642 770 et
2674 728 2838 790 quae

557 809 803 875 Seneca
847 810 1111 897 scripsit
1153 810 1222 874 in
1267 810 1452 897 epist.
1500 809 1571 891 8,
1616 809 1687 873 8:
1752 808 2073 889 Quantum
2129 810 2840 873 disertissimorum

554 931 845 976 versuum
886 913 1048 976 inter
1090 913 1312 976 mimos
1335 912 1532 976 iacet!
1582 910 1789 990 Quam
1831 911 2030 976 multa
2076 910 2344 975 Publilii
2372 930 2500 974 non
2529 911 2836 975 excalcea-

557 1014 665 1091 tis,
711 1015 820 1078 scd
879 1013 1378 1079 cothurnatis
1430 1014 1693 1077 dicenda
1733 1014 1918 1077 sunt!

723 1113 920 1179 Haud
963 1135 1108 1179 raro
1152 1114 1355 1198 igitur
1403 1114 1512 1198 (cf.
1557 1113 1848 1178 adnotat.
1896 1114 2038 1176 crit.
2085 1111 2170 1176 ad
2216 1135 2279 1176 v.
2315 1134 2378 1176 v.
2411 1113 2515 1178 28.
2550 1112 2654 1177 58.
2692 1113 2835 1177 105.

558 1216 698 1280 138.
751 1216 889 1281 157.
928 1215 1080 1280 330.
1124 1215 1272 1281 484.
1318 1216 1463 1282 572.
1511 1217 1663 1299 601)
1715 1215 1960 1299 Seneca
2004 1215 2361 1279 orationem
2403 1214 2488 1277 ad
2534 1213 2835 1280 similitu·

555 1316 774 1382 dinem
809 1319 1277 1382 sententiarum
1306 1316 1820 1381 Publilianarum
1853 1315 2309 1398 conformavit,
2356 1317 2741 1403 praesertim
2770 1317 2840 1379 in

554 1416 878 1482 clausulis·
969 1417 1073 1484 Cf.
1122 1417 1397 1499 Quintil.
1446 1419 1516 1502 8,
1562 1419 1625 1502 5,
1678 1418 1776 1481 14.
1865 1417 2051 1482 Idem
2094 1419 2164 1480 in
2209 1416 2563 1503 tragoediis
2611 1417 2837 1504 depre-

552 1519 863 1584 henditur
915 1519 1029 1604 (cf.
1087 1519 1172 1584 ad
1226 1542 1290 1583 v.
1338 1542 1401 1584 v.
1456 1520 1595 1584 103.
1643 1520 1789 1585 363.
1833 1519 1976 1585 459.
2033 1518 2219 1603 640),
2277 1528 2350 1583 ut
2403 1518 2527 1583 hoc
2584 1540 2838 1605 quoque

551 1629 932 1706 argumento
977 1620 1434 1709 philosophum
1477 1643 1697 1685 earum
1729 1643 1868 1686 esse
1898 1630 2228 1686 auctorem
2259 1621 2690 1685 confirmetur.
2758 1622 2835 1685 In

551 1723 675 1788 hoc
728 1722 929 1787 nimio
985 1723 1121 1788 fere
1178 1722 1449 1787 Publilii
1504 1722 1721 1788 studio
1778 1722 1939 1785 mihi
1989 1721 2252 1808 quidem
2295 1721 2647 1787 admodum
2691 1744 2835 1809 pro-

552 1823 770 1888 babile
824 1833 954 1905 est,
1014 1845 1177 1910 quae
1234 1823 1539 1909 leguntur
1593 1822 1677 1886 de
1730 1823 1913 1888 brev.
1962 1825 2138 1887 vitae
2188 1823 2298 1904 12,
2347 1823 2418 1889 8:
2481 1823 2532 1887 I
2566 1845 2736 1890 nunc
2780 1830 2838 1889 et

553 1928 774 1992 mimos
815 1926 1014 1991 multa
1057 1910 1309 1991 mentiri
1353 1927 1442 1991 ad
1471 1927 1978 2009 exprobrandam
2008 1927 2334 1991 luxuriam
2365 1930 2550 2008 puta.
2629 1925 2840 1991 Plura

553 2019 918 2093 mehercules
977 2032 1376 2110 praetereunt
1437 2048 1630 2110 quam
1682 2029 1960 2110 linqunt,
2028 2032 2085 2091 et
2139 2032 2320 2091 tanta
2372 2028 2839 2093 incredibilium

551 2131 847 2195 vitiorum
891 2130 1069 2212 copia
1111 2131 1427 2212 inqenioso
1473 2131 1544 2193 in
1585 2130 1697 2194 hoc
1724 2150 1925 2195 unum
1963 2129 2206 2194 saeculo
2239 2131 2558 2211 processit,
2604 2131 2838 2194 utiam

550 2233 885 2296 mimorum
928 2252 1189 2314 arquere
1219 2233 1538 2314 possimus
1591 2232 2056 2315 neyleyentiam,
2102 2231 2261 2295 item
2305 2229 2649 2295 referenda
2694 2253 2838 2296 esse

553 2332 638 2398 ad
683 2331 1062 2416 Publilium,
1112 2332 1390 2398 fortasse
1432 2332 1518 2396 ad
1562 2332 1776 2398 locum
1821 2332 2336 2415 celeberrimum,
2383 2354 2575 2419 quem
2617 2331 2838 2397 attulit

553 2420 984 2499 Petronius
1033 2434 1356 2500 Satiricon
1400 2455 1540 2521 cap.
1572 2435 1687 2499 55:
1737 2434 1932 2517 Royo,
1980 2436 2136 2516 quid
2163 2441 2348 2518 putes
2389 2437 2556 2500 inter
2596 2435 2835 2501 Cicero-

550 2555 692 2600 nem
720 2541 781 2600 et
809 2534 1161 2602 Publilium
1188 2536 1523 2602 interesse?
1564 2535 1703 2618 Eyo
1734 2536 2002 2600 alterum
2020 2540 2178 2618 puto
2207 2538 2595 2602 disertiorem
2618 2537 2833 2617 fuisse,

552 2637 819 2703 alterum
859 2638 1283 2703 honestiorem.
1378 2624 1547 2717 Quid
1585 2639 1754 2702 enim
1796 2637 1896 2702 his
1938 2639 2161 2702 melius
2205 2640 2330 2703 dici
2360 2638 2609 2721 potest?

801 2813 1108 2873 Luxuriae
1148 2814 1299 2872 rictu
1339 2813 1561 2872 Martis
1601 2819 1861 2873 marcent
1900 2815 2148 2873 moenia.

807 2915 933 2977 Tuo
964 2916 1169 2990 palato
1213 2917 1447 2975 clausus
1477 2933 1636 2989 pavo
1669 2917 1941 2989 pascitur

803 3016 1080 3077 Plumato
1124 3019 1368 3077 amictus
1410 3035 1585 3076 aureo
1628 3016 2007 3091 Babylonico,

808 3114 1050 3177 Gallina
1091 3119 1198 3177 tibi
1239 3117 1579 3188 Numidica,
1623 3118 1728 3177 tibi
1764 3120 1958 3195 yallus
1997 3121 2214 3194 spado:
2329 3114 2346 3131 '⁴

808 3217 1046 3279 Ciconia
1089 3222 1261 3280 etiam
1298 3225 1475 3294 grata
1507 3223 1826 3296 perecrina
1867 3222 2094 3296 hospita

803 3320 1228 3381 Pietaticultrekc
1264 3323 1569 3396 yracilipes
1612 3324 1958 3395 crotalistria

803 3419 983 3490 Acis,
1027 3423 1158 3482 exul
1198 3423 1435 3492 hiemis,
1478 3425 1683 3482 titulus
1723 3425 1902 3497 tepidi
1941 3427 2213 3498 temporis

805 3522 1114 3596 Nequitiae
1155 3525 1365 3597 nidum
1408 3527 1475 3583 in
1516 3528 1726 3586 cacabo
1768 3526 1902 3599 fecit
1942 3527 2125 3585 modo,

808 3626 933 3702 Quo
974 3629 1301 3702 margarita
1344 3645 1487 3687 cara
1528 3630 1754 3688 tribaca
1793 3629 2053 3688 Indica?

1470 3760 1506 3792 {-
1674 3761 1710 3793 ἱ·
1882 3761 1918 3793 {-

802 3860 907 3922 Au
948 3867 1015 3923 ut
1055 3868 1329 3923 matrona
1370 3869 1584 3923 ornata
1614 3866 1877 3939 phaleris
1909 3867 2161 3941 pelaqiis

807 3965 992 4024 Tollat
1023 3965 1199 4039 pedes
1245 3966 1526 4025 indomita
1568 3968 1638 4025 in
1677 3971 1859 4026 strato
1902 3969 2217 4027 extraneo?

803 4066 1205 4141 Zmaraqdum
1245 4068 1326 4126 ad
1367 4086 1545 4140 quam
1584 4085 1710 4127 rem
1750 4068 2023 4136 ‘civ-idem,
2056 4071 2382 4143 pretiosum
2428 4070 2682 4128 vitrum?

806 4169 932 4244 Quo
978 4166 1398 4229 Carchedonios
1439 4174 1605 4243 optas
1649 4170 1811 4244 iques
1852 4170 2108 4243 lapideos

804 4269 942 4329 Ne'si
984 4275 1049 4330 ut
1088 4271 1403 4330 scintilles?
1434 4272 1703 4345 probitas
1744 4276 1824 4330 est
1866 4272 2273 4331 carbunculus.

804 4370 1075 4445 Aequum
1116 4378 1198 4432 cst
1244 4374 1481 4432 iuduere
1522 4378 1772 4447 nupmm
1817 4379 2046 4432 ventum
2088 4376 2352 4443 teatilem,

802 4473 1013 4532 Palam
1046 4480 1317 4549 prostare
1362 4477 1584 4535 nudam
1630 4477 1696 4533 iu
1739 4476 1950 4535 nebula
1991 4476 2190 4536 linea?
