3209 5184
1154 434 1700 488 rRoLneoMnNA.
2502 419 2576 488 17

280 589 435 655 culo
492 591 853 676 posteriore
910 593 1151 679 scripto
1206 614 1358 656 suus
1418 602 1516 657 est
1570 615 1764 675 usus,
1822 614 1969 656 cum
2012 594 2394 678 praesertim
2439 594 2577 657 61118

277 694 665 757 testimonio
717 692 1029 757 nonnulla
1084 693 1454 777 firmentur,
1513 715 1680 779 quae
1735 695 1806 756 in
1857 695 2224 781 antiquiore
2278 694 2576 757 Parisino
2628 734 2632 739 -

276 803 399 857 aut
458 793 632 858 lectu
677 792 975 857 difficilia
1019 804 1173 859 sunt
1215 804 1329 858 aut
1371 796 1613 861 iniuria
1655 804 2018 883 temporum
2061 794 2254 882 plane
2299 816 2575 858 evanue-

274 904 462 959 runt.
554 895 657 960 Cf.
702 894 788 959 ad
831 917 896 958 v.
940 896 1088 963 297.
1134 896 1329 959 Prov.
1373 897 1478 960 24.

262 1042 319 1093 9
457 987 779 1062 Parisinis
834 997 1174 1083 proximus
1237 1006 1337 1060 est
1381 1006 1445 1061 et
1492 1006 1708 1063 aetate
1753 1007 1818 1062 61
1860 998 2153 1064 bonitate
2208 999 2279 1082 3)
2326 998 2578 1063 codex

275 1094 988 1182 Rheinaugiensis
1035 1097 1119 1161 95
1164 1098 1312 1183 (R),
1357 1121 1530 1162 nunc
1559 1099 1960 1182 TuricensiS,
2007 1121 2175 1163 saec.
2207 1098 2336 1162 IX.
2378 1121 2576 1163 mem-

278 1199 676 1281 branaceus,
722 1200 905 1263 cuius
949 1200 1249 1264 notitiam
1295 1199 1501 1264 debeo
1543 1199 1846 1289 Conrado
1876 1201 2179 1282 Bursian,
2224 1199 2580 1287 professori

278 1299 662 1365 Turicensi.
751 1298 1058 1363 Continet
1086 1300 1514 1379 Miscellanea
1543 1324 1628 1366 ex
1659 1301 1775 1367 SS.
1807 1301 2138 1384 Patribus,
2185 1301 2391 1385 veluti
2420 1301 2575 1365 Ter-

276 1399 545 1464 tulliani
575 1400 1033 1485 fragmentum,
1080 1402 1240 1465 item
1271 1414 1579 1490 excerpta
1611 1426 1696 1468 ex
1725 1403 2126 1469 orationibus
2159 1402 2374 1466 Curtii
2401 1402 2575 1481 Rufi,

279 1502 369 1565 de
414 1502 654 1588 quibus
700 1502 1014 1566 disseruit
1043 1503 1376 1568 Arnoldus
1408 1504 1566 1590 Hug
1610 1507 1681 1569 in
1722 1505 1933 1570 musei
1962 1503 2263 1568 Rhenani
2301 1504 2408 1587 20,
2456 1505 2573 1568 117

283 1626 408 1689 sq.,
457 1625 608 1689 pag.
656 1604 951 1667 91—114
992 1604 1285 1668 ANNEI
1329 1604 1721 1671 SENICAE
1766 1604 2314 1670 PROUERBIA.

455 1706 528 1790 4)
575 1705 855 1771 Codex
897 1706 1142 1769 Turic
1159 1708 1380 1771 ensis
1414 1707 1557 1792 (T),
1591 1707 1666 1771 C.
1700 1708 1802 1790 78,
1846 1705 2375 1771 membranaceus
2407 1728 2575 1770 saec.

281 1805 413 1870 IX.
463 1828 655 1891 quem
710 1809 1076 1872 accuratius
1134 1807 1484 1895 descripsit
1542 1808 1586 1872 J
1590 1830 1649 1872 o.
1696 1808 1891 1894 Casp.
1949 1806 2233 1872 Orellius
2289 1809 2359 1871 in
2417 1806 2576 1871 Hel-

279 1909 508 1994 perico
564 1931 673 1995 pg.
731 1908 899 1973 2-6
957 1908 1326 1995 (Helperici
1379 1908 1664 1974 Karolus
1725 1910 2006 1994 Magnus
2074 1919 2138 1973 et
2191 1909 2328 1973 Leo
2383 1931 2574 1996 papa,

280 2009 514 2072 Turici
584 2009 797 2094 1832).
885 2010 1123 2074 Insunt
1184 2014 1368 2075 varia
1439 2010 1557 2077 SS.
1616 2009 1887 2075 Patrum
1954 2009 2303 2098 opuscula,
2370 2008 2578 2073 veluti

280 2110 674 2176 Columbani
705 2110 1045 2198 epistulae,
1075 2112 1388 2198 Dionysii
1419 2112 1688 2178 Catonis
1721 2111 2023 2194 disticha,
2056 2111 2377 2175 Prisciani
2406 2113 2573 2198 peri-

280 2213 534 2297 egesis,
593 2210 705 2276 fol.
756 2213 874 2277 157
921 2235 1127 2303 usque
1171 2213 1254 2277 ad
1299 2213 1411 2277 fol.
1448 2215 1571 2279 159
1617 2224 1876 2278 0611111111
1921 2213 2147 2276 decem
2192 2213 2573 2292 sententiae,

279 2335 524 2398 magna
568 2335 653 2377 ex
694 2323 881 2400 parte
910 2313 1184 2379 Publilii
1216 2315 1390 2404 Syri,
1436 2315 1555 2379 sed
1598 2317 1693 2380 ita
1721 2313 2147 2403 interpolatae
2175 2323 2373 2400 atque
2400 2312 2570 2398 glos-

279 2417 370 2479 sis
432 2423 497 2479 et
552 2415 1146 2501 interpretamentis
1203 2416 1535 2500 foedatae,
1591 2426 1665 2481 ut
1718 2416 2021 2480 monachi
2075 2437 2336 2479 manum
2380 2414 2450 2477 in
2492 2415 2573 2478 iis

280 2515 478 2579 facile
521 2534 860 2601 agnoscas.
948 2516 1244 2581 Titulum
1285 2518 1647 2605 praefixum
1695 2540 1839 2584 esse
1880 2517 2132 2585 nullum
2172 2517 2321 2582 ideo
2361 2518 2573 2579 minus

278 2617 655 2680 mirandum
718 2628 848 2702 est,
907 2620 1059 2706 quia
1115 2617 1354 2683 desunt
1409 2620 1772 2684 sententiae
1823 2620 2212 2705 incipientes
2255 2639 2296 2681 a
2338 2617 2574 2682 litteris

278 2720 342 2782 A
374 2728 443 2782 et
470 2719 558 2782 B.
648 2719 780 2785 Eas
828 2721 1185 2785 sententias
1221 2722 1400 2806 (nam
1430 2743 1660 2786 versus
1691 2723 1812 2799 vix
1842 2721 2051 2803 dicas)
2086 2723 2332 2808 primus
2365 2719 2576 2783 edidit

279 2821 344 2885 J.
405 2820 604 2906 Casp.
664 2820 949 2887 Orellius
1006 2821 1092 2885 ad
1160 2821 1402 2887 calcem
1454 2822 1740 2887 Phaedri
1807 2822 2176 2887 fabularum
2233 2844 2569 2918 novarum²

277 2945 389 3009 pg.
421 2922 700 3003 48—54,
745 2922 1097 2987 admodum
1139 2934 1463 3003 accurate,
1509 2925 2033 3011 interpunctione
2065 2926 2262 2988 etiam
2292 2934 2571 3004 servata,

278 3047 432 3110 qua,
478 3046 628 3088 011111
670 3023 783 3089 1110
828 3024 1085 3089 saeculo
1132 3027 1289 3090 satis
1335 3027 1422 3090 sit
1466 3025 1777 3108 insolens,
1822 3024 1962 3090 ludi
1995 3026 2306 3109 magister
2336 3023 2572 3109 aliquis
2694 3040 2700 3045 ·

277 3125 755 3212 discipulorum
799 3126 1153 3191 commodis
1200 3127 1466 3192 videtur
1507 3128 1881 3192 inservisse.

449 3226 522 3311 5)
568 3226 844 3293 Codex
886 3227 1382 3294 Basiliensis
1428 3229 1576 3314 (B),
1626 3230 1921 3314 signatus
1965 3226 2122 3292 olim
2165 3227 2253 3291 K.
2299 3226 2430 3292 III.
2463 3227 2570 3309 34,

42 3362 49 3395 ι
276 3352 455 3393 1111110
497 3331 585 3393 A.
628 3329 713 3393 N.
754 3329 875 3394 IV.
913 3331 1013 3413 11,
1059 3352 1230 3395 saec.
1278 3331 1366 3394 X.
1411 3333 1481 3395 in
1526 3353 1652 3418 quo
1698 3339 1845 3417 post
1890 3329 2272 3395 Sallustium
2315 3338 2571 3394 senten-

276 3433 411 3496 tiae
455 3429 867 3495 Publilianae
911 3428 1239 3514 ἆκέφαλοι
1281 3455 1487 3520 usque
1531 3432 1618 3497 ad
1663 3455 1726 3496 v.
1757 3432 1883 3496 296
1928 3431 2252 3516 leguntur.
2327 3431 2394 3496 Is
2428 3452 2570 3494 ver-

275 3557 390 3598 sus
439 3555 589 3596 cum
632 3534 703 3596 in
744 3533 873 3597 fine
918 3536 1363 3621 quaternionis
1411 3537 1696 3620 scriptus
1726 3534 1834 3615 sit,
1882 3541 2038 3620 quot
2067 3534 2408 3597 sententiis
2437 3556 2568 3615 am-

276 3636 449 3722 plior
492 3634 694 3699 fuerit
736 3633 849 3698 ille
894 3634 1082 3718 liber,
1130 3637 1305 3700 unde
1349 3637 1738 3723 descriptus·
1764 3643 1884 3717 est,
1932 3633 2280 3698 diiudicari
2322 3636 2570 3719 nequit.

276 3736 479 3800 Hunc
536 3758 791 3822 quoque
845 3734 1135 3801 codicem
1189 3740 1370 3824 typis
1416 3737 1914 3824 exprimendum
1960 3736 2215 3800 curavit
2260 3735 2569 3818 oremus,

274 3838 423 3904 1000
470 3860 669 3924 supra
710 3839 998 3903 indicato
1030 3861 1140 3925 pg.
1171 3840 1456 3923 37—483
1492 3849 1791 3913 ,ceterum
1820 3840 1889 3902 in
1921 3860 1995 3902 eo
2026 3839 2239 3902 minus
2269 3847 2570 3902 accurate

275 3940 500 4005 officio
545 3963 659 4005 suo
707 3940 968 4005 functus
1015 3949 1147 4024 681,
1195 3940 1369 4027 quod
1411 3962 1542 4006 non
1585 3943 1745 4005 satis
1791 3940 2121 4021 distinxit,
2168 3961 2333 4025 quae
2375 3961 2571 4002 manu

40 4014 53 4201 ΙΙ
276 4041 568 4106 secunda
610 4041 839 4106 addita
880 4050 992 4106 aut
1036 4052 1328 4107 correcta
1371 4051 1543 4107 sunt.

276 4215 570 4266 adnotatio
600 4214 798 4279 aliqua
831 4215 890 4265 in
926 4216 1176 4281 margine
1215 4216 1532 4280 quaerenda
1567 4214 1869 4274 indicatur,
1907 4215 2005 4265 sed
2038 4214 2162 4271 hoc,
2201 4213 2269 4261 de
2306 4228 2413 4275 quo
2454 4214 2568 4274 agi-

273 4315 424 4364 mus,
474 4300 534 4363 (i.
571 4316 619 4349 e.
656 4300 917 4364 quaere?)
967 4303 1118 4350 certe
1152 4300 1301 4349 inter
1337 4300 1728 4364 antiquissima
1764 4300 1873 4349 fuit
1908 4302 1964 4347 et
1998 4297 2090 4347 vel
2125 4297 2325 4346 nostris
2362 4300 2568 4360 tempo-

8 4384 11 4505 Ῐ
273 4386 428 4436 ribus
466 4401 503 4434 a
538 4383 726 4434 multis
771 4389 1084 4450 usurpatur.
1155 4385 1237 4434 Eo
1285 4385 1445 4450 signo
1490 4384 1638 4436 male
1681 4381 1998 4444 intellect0‚
2044 4396 2163 4430 cum
2199 4378 2417 4429 librarii
2453 4376 2570 4443 qui,

273 4483 381 4535 que
410 4468 505 4521 vel
541 4467 750 4519 similia
789 4468 1170 4534 depingerent,
1208 4468 1415 4519 multae
1453 4468 1704 4535 profecto
1741 4470 1893 4517 ortae
1932 4469 2060 4514 sunt
2098 4463 2457 4529 corruptelae.

374 4563 633 4602 Punmtus
660 4561 822 4602 Snus.
2124 4551 2155 4598 2
