3209 5184
595 452 675 537 72
1228 483 1538 532 Punmnn
1584 485 1741 534 st
1789 483 2244 533 SENTENTIAE.

760 639 970 706 Citius
1016 639 1201 703 venit
1245 635 1580 724 periclum,
1631 658 1774 700 cum
1820 637 2271 702 contemnitur.

761 742 959 806 Casta
1001 739 1085 803 ad
1129 739 1345 804 virum
1385 748 1681 802 matrona
1725 737 2014 825 parendo
2059 738 2352 825 imperat.

760 843 909 909 Cito
953 841 1310 926 ignominia
1353 840 1427 904 fit
1472 839 1738 926 superbi
1782 837 2012 924 gloria.

634 951 713 1010 95
760 942 1051 1010 Consilio
1098 940 1328 1007 melius
1373 941 1599 1016 vincas
1645 962 1839 1027 quam
1884 940 2239 1007 iracundia.

761 1045 985 1111 Cuiuis
1031 1042 1239 1108 dolori
1282 1030 1644 1107 remedium
1689 1051 1787 1108 est
1830 1043 2165 1130 patientia.

763 1147 1026 1213 Cotidie
1071 1147 1432 1227 damnatur,
1482 1143 1594 1231 qui
1640 1166 1896 1232 semper
1937 1146 2143 1210 timet.

766 1249 934 1315 Cum
978 1249 1143 1313 vitia
1185 1255 1481 1335 prosunt,
1527 1254 1754 1333 peccat
1799 1246 1906 1332 qui
1954 1256 2131 1311 recte
2174 1245 2354 1311 facit.

759 1348 1236 1416 Contumeliam
1278 1369 1399 1412 nec
1442 1348 1632 1418 fortis
1679 1347 1829 1434 pote
1874 1366 1992 1410 nec
2036 1349 2356 1433 ingenuus
2403 1351 2560 1435 pati.

595 1460 716 1518 100
759 1452 1174 1518 Conscientia
1217 1449 1418 1513 animi
1462 1446 1674 1512 nullas
1721 1448 1974 1513 invenit
2018 1447 2283 1535 linguae
2322 1472 2570 1538 preces,

762 1554 909 1619 Cito
953 1549 1398 1639 improborum
1442 1549 1614 1614 laeta
1656 1548 1741 1612 ad
1786 1551 2141 1637 perniciem
2188 1551 2448 1616 cadunt.

762 1653 1146 1739 (Contemni,
1183 1661 1282 1716 est
1324 1651 1595 1735 gravius
1643 1671 1835 1737 quam
1881 1651 2196 1717 stultitiae
2239 1656 2545 1740 percuti.)

763 1753 1021 1820 Cotidie
1067 1764 1166 1819 est
1210 1753 1492 1819 deterior
1533 1754 1855 1839 posterior
1897 1752 2057 1820 dies.

761 1856 992 1922 Comes
1037 1853 1358 1919 facundus
1401 1854 1471 1918 in
1515 1855 1629 1918 via
1671 1876 1789 1941 pro
1833 1853 2132 1920 vehiculo
2179 1865 2296 1920 est.

599 1965 713 2025 105
763 1958 1025 2023 Crimen
1069 1955 1381 2042 relinquit
1429 1957 1625 2038 vitae,
1672 1958 1782 2042 qui
1827 1965 2099 2020 mortem
2143 1949 2413 2045 appetit.

591 2200 857 2245 comens
903 2202 953 2241 v.
987 2182 1308 2241 85—105:
1358 2182 1885 2256 PRBFV(TEC),
1934 2203 1978 2238 v.
2018 2185 2374 2242 107—122:
2421 2185 2698 2258 FVU'C)

592 2323 650 2381 g.
683 2313 722 2361 t.
755 2322 800 2366 r.
833 2303 920 2360 alii
965 2303 1177 2359 inimico
1220 2302 1307 2358 alii
1352 2303 1406 2358 in
1448 2303 1672 2377 gratiam
1702 2303 1786 2359 Pb
1962 2310 2079 2358 tuto
2115 2303 2390 2361 PaRBC:
2439 2303 2571 2359 tudo
2602 2305 2719 2375 Pb,
2764 2312 2899 2361 tute

591 2389 709 2447 FV
735 2387 874 2461 (tute
905 2389 958 2444 in
988 2405 1072 2461 gr.
1123 2383 1216 2462 V),
1247 2387 1357 2442 cito
1391 2387 1708 2451 Erasmus;
1755 2388 2054 2461 ingratuitu
2085 2386 2380 2444 revertitur
2415 2389 2466 2444 T
2630 2387 2708 2445 92
2756 2405 2896 2445 eve·

590 2475 671 2531 nit
718 2473 870 2530 Vinc.
904 2472 1051 2528 Ben.
1085 2488 1169 2544 sp.
1203 2474 1254 2528 d.
1288 2469 1349 2541 4,
1383 2470 1461 2528 27
1591 2471 1851 2545 periclum
1890 2471 1940 2525 Β
1960 2472 2011 2528 V
2017 2497 2031 2526 .·
2076 2472 2379 2545 periculum
2409 2472 2673 2530 PRFEC
2715 2474 2894 2531 Vinc.

790 2556 870 2614 93
917 2573 964 2613 c.
1012 2573 1083 2616 m.
1118 2557 1233 2611 viro
1269 2553 1315 2610 0
1523 2554 1603 2612 94
1648 2555 1751 2612 EC
1793 2555 1950 2612 Vino.
1987 2558 2133 2612 Bell.
2176 2573 2262 2629 sp.
2304 2559 2356 2613 d.
2389 2556 2464 2629 4,
2502 2556 2654 2629 122,
2686 2576 2788 2614 om.
2848 2560 2906 2616 V

791 2656 956 2716 super
985 2643 1038 2696 in
1069 2640 1244 2714 gloria
1279 2640 1359 2696 Pb
1574 2639 1654 2697 95
1701 2638 1959 2696 consilios
1993 2641 2119 2712 PR,
2151 2641 2374 2698 consilia
2404 2642 2492 2696 Pa
2525 2658 2678 2698 corr.

592 2727 828 2784 vindicas
856 2727 967 2795 Pa,
1002 2725 1181 2780 vinces
1219 2721 1264 2780 C
1431 2723 1736 2780 iracundiae
1767 2725 1820 2780 P
2000 2725 2078 2782 96
2125 2726 2277 2781 cuius
2328 2728 2482 2783 Vinc.
2523 2727 2667 2783 Bell.
2702 2744 2790 2800 sp.
2826 2731 2886 2783 d.

591 2811 653 2882 4,
688 2810 785 2868 79.
823 2808 940 2865 112
1100 2815 1185 2865 est
1214 2825 1344 2865 rem.
1395 2810 1456 2879 V,
1489 2827 1539 2882 p.
1572 2827 1620 2865 r.
1654 2817 1739 2864 est
1787 2810 1939 2866 Vino.
1973 2809 2033 2882 4,
2071 2808 2187 2866 112
2363 2810 2440 2866 97
2486 2810 2768 2868 damnator
2795 2812 2891 2869 Pb

761 2895 816 2951 C.
845 2902 1017 2950 morte
1051 2892 1336 2964 mulcatur,
1369 2894 1460 2967 qui
1492 2909 1614 2948 cum
1646 2894 1838 2949 timore
1869 2895 2230 2950 conscientiae
2262 2911 2389 2950 suae
2423 2903 2669 2951 versatur
2703 2896 2755 2952 Τ

594 2981 673 3040 98
718 2979 960 3055 produnt
1004 2977 1049 3035 C
1228 2977 1308 3035 99
1353 2995 1458 3034 om.
1522 2978 1594 3041 V‚·
1636 2979 1740 3034 sed
1776 2978 1855 3051 cf.
1901 2997 1948 3035 v.
1992 2981 2028 3034 l.
2073 2981 2152 3034 ad
2191 2997 2238 3035 v.
2291 2980 2409 3036 100
2580 2996 2680 3036 nec
2723 2979 2891 3036 sortis

593 3064 740 3123 LTC
768 3063 1160 3121 Panthaleon:
1206 3079 1315 3119 non
1358 3062 1517 3118 fortis
1548 3061 1911 3134 StephanuS,
1955 3078 2055 3119 nec
2095 3064 2272 3119 facere
2312 3063 2473 3119 fortis
2521 3064 2753 3137 Inyolst.
2787 3080 2872 3122 ex

594 3153 931 3208 coniectura
976 3154 1037 3205 ul
1080 3149 1332 3218 videtur,
1376 3147 1527 3204 unde
1560 3147 1724 3203 Grut.
1756 3145 1911 3202 Cont.
1955 3163 2054 3202 nec
2084 3150 2197 3221 ing.
2248 3147 2353 3203 fert
2394 3164 2493 3203 nec
2535 3149 2693 3204 fortis
2737 3149 2889 3218 facit,

594 3236 798 3291 melius
827 3233 1014 3290 Bothe
1043 3230 1199 3288 Cont.
1230 3247 1330 3288 nec
1376 3232 1538 3288 sortis
1570 3231 1606 3286 f.
1650 3247 1750 3287 nec
1792 3232 1827 3286 i.
1862 3231 2002 3287 facit.
2066 3232 2152 3304 Cf.
2177 3251 2228 3289 v.
2264 3232 2383 3290 651
2585 3241 2717 3307 pote
2744 3247 2890 3304 pro·

587 3322 783 3392 posuit
814 3317 1058 3374 Gruter.-
1105 3324 1292 3389 potest
1323 3316 1471 3372 LTC
1629 3317 1858 3389 ingenus
1889 3316 1963 3385 R,
1995 3317 2223 3389 ignavus
2254 3317 2586 3388 Froeltliclz,
2619 3334 2721 3373 nec
2750 3334 2885 3391 ege-

594 3420 699 3459 nus
741 3402 884 3459 serre
921 3402 980 3457 T.
1048 3397 1139 3473 Cf.
1184 3419 1234 3456 v.
1270 3399 1394 3457 240
1476 3440 1487 3451 ,
1569 3400 1691 3456 100
1733 3397 2057 3456 contumelia
2105 3402 2152 3455 V
2160 3444 2175 3469 ,
2216 3409 2555 3473 corruptum
2599 3417 2676 3457 ex
2719 3421 2768 3459 v.
2803 3401 2888 3460 99

763 3486 920 3563 animi
950 3486 1059 3541 PB
1087 3484 1481 3542 Pantkaleon:
1525 3485 1678 3540 amici
1709 3483 1822 3540 RB
1863 3501 1908 3539 S.
1952 3500 2069 3540 scr.
2115 3504 2187 3541 m.
2233 3502 2349 3542 see.
2383 3485 2436 3540 F
2450 3485 2542 3544 VC
2708 3485 2892 3543 nullas

594 3573 663 3643 P,
697 3573 1028 3629 Bentleius:
1070 3568 1254 3626 nullus
1287 3570 1361 3639 Β,
1396 3572 1610 3625 nullius
1645 3567 1859 3625 RFVC
1883 3569 2246 3627 Panthaleon
2411 3571 2522 3627 101
2574 3570 2677 3628 EG
2719 3570 2887 3627 Vinc.

597 3659 748 3713 Bell.
780 3671 870 3727 sp.
901 3657 957 3712 d.
990 3654 1050 3727 4,
1087 3654 1204 3711 159
1350 3656 1404 3710 in
1432 3671 1586 3728 pern.
1623 3654 1931 3709 Fabricius
2091 3653 2207 3711 102
2256 3654 2580 3712 Salomonis
2605 3657 2882 3727 proverb.

598 3742 698 3810 10,
730 3740 768 3796 8
810 3738 951 3795 ‘Urit
988 3739 1285 3812 increpatio
1326 3737 1647 3813 prudentem
1692 3740 1862 3812 magis
1893 3754 2051 3811 quam
2081 3740 2128 3794 si
2168 3740 2438 3811 percutias
2469 3739 2730 3795 stolidum
2762 3755 2891 3796 cen·

597 3825 745 3881 ties!
890 3830 976 3880 est
1005 3822 1180 3878 levius
1212 3824 1527 3883 Erasmus;
1572 3821 1656 3894 cs.
1695 3841 1742 3878 v.
1781 3822 1900 3878 143
2058 3821 2324 3879 stultitiae
2358 3820 2413 3898 (i.
2447 3841 2496 3879 e.
2526 3822 2719 3896 stulto)
2750 3825 2890 3881 PR.-

596 3908 826 3965 stultitia
859 3908 916 3963 B
957 3922 1087 3978 sup.
1131 3923 1249 3962 scr.
1284 3923 1403 3963 sec.
1436 3926 1505 3963 m.
1536 3908 1595 3963 F
1607 3908 1669 3965 V.
1716 3905 1882 3963 stulte
1913 3906 1986 3976 B,
2019 3925 2125 3963 om.
2161 3906 2207 3963 C
2405 3908 2524 3965 103
2572 3909 2642 3979 C,
2688 3927 2794 3965 om.
2849 3910 2898 3965 V

761 4009 818 4066 p.
863 3989 1029 4061 fides,
1071 4008 1254 4062 supra
1298 4008 1414 4047 scr.
1457 4008 1571 4047 sec.
1614 4010 1686 4047 m.
1736 3991 1884 4059 dies,
1927 3989 2043 4045 dies
2082 3994 2360 4064 posterior
2388 3993 2456 4047 F.
2529 3992 2619 4065 Cf.
2653 3993 2899 4050 Erasmi

598 4080 780 4152 Adaq.
809 4094 869 4148 ρ.
907 4075 1027 4133 732
1061 4062 1181 4131 Ἀεὶ
1214 4066 1282 4131 ιὰ
1312 4069 1521 4147 πέρυσι
1549 4070 1776 4148 βελτίω.
1867 4075 2091 4131 seneca
2125 4075 2378 4132 phaedr.
2415 4077 2535 4133 784
2569 4074 2891 4151 (Hippozm.

600 4160 745 4234 776)
785 4159 1064 4234 ‘Horaque
1104 4176 1321 4234 semper
1360 4159 1654 4234 praeterita
1696 4159 1938 4216 deterior
1975 4158 2164 4218 subit?
2368 4160 2488 4218 104
2536 4161 2752 4218 Gellius
2784 4162 2890 4234 17,

600 4246 705 4317 14,
737 4246 994 4302 Maon-ob.
1032 4245 1154 4302 Sat.
1190 4243 1262 4316 2,
1295 4245 1353 4315 T,
1385 4245 1509 4301 Ioa.
1543 4243 1778 4301 Saresb.
1813 4244 2025 4300 Policr.
2055 4244 2115 4315 8,
2151 4244 2248 4315 14,
2287 4246 2449 4303 TEC.
2482 4263 2586 4301 om.
2623 4246 2676 4302 R
2783 4275 2794 4285 ·

601 4330 729 4387 facit
759 4329 865 4386 dux
898 4330 970 4386 C.-
1009 4347 1110 4404 pro
1154 4347 1202 4384 v.
1232 4336 1317 4385 est
1359 4332 1414 4386 in
1449 4330 1531 4384 via
1566 4328 1619 4384 Τ
1815 4328 1933 4386 105
1980 4329 2201 4385 Seneca
2235 4330 2391 4386 Este.
2427 4328 2688 4386 Controv.
2722 4330 2794 4401 8,
2827 4330 2889 4402 4,

592 4434 689 4489 pq.
744 4412 899 4478 427,
950 4413 1023 4469 13
1074 4414 1182 4470 Bu.
1257 4413 1473 4469 ‘Neeein
1536 4414 1693 4468 citius
1754 4412 1992 4468 criminis
2053 4411 2152 4468 sibi
2211 4415 2461 4470 conscius
2518 4414 2771 4488 coniugit
2825 4415 2891 4469 ad

596 4495 873 4554 moriem’.
