3209 5184
1227 475 1773 527 PROLEGOMENA.
2009 510 2016 517 .
2563 462 2641 529 13

523 627 628 694 De
670 627 901 695 horum
945 651 1252 696 versuum
1296 640 1560 698 auctore
1602 654 1750 696 cum
1794 634 2084 698 virorum
2127 631 2467 697 doctorum
2497 656 2638 698 sen-

345 733 596 796 tentiae
659 734 730 796 in
783 733 1045 797 diversa
1107 734 1345 798 abeant
1409 732 1525 816 (cf.
1579 733 2002 822 Bernhardy,
2069 734 2222 800 hist.
2295 733 2421 799 litt.
2477 757 2638 800 rom.

345 856 460 920 pg.
502 835 653 917 460,
697 833 919 899 adnot.
966 835 1113 917 357,
1160 833 1316 898 edit.
1363 838 1682 921 quartae),
1727 859 1857 901 non
1900 858 2451 924 supervacaneum
2496 858 2641 902 esse

348 936 617 1000 videtur
669 956 966 1017 monere,
1029 954 1193 1020 quae
1236 935 1678 1001 Buechelerus
1734 959 1850 1023 per
1892 937 2142 1002 litteras
2186 938 2348 1002 mihi
2393 938 2637 1024 signifi-

344 1038 560 1122 cavit,
606 1038 878 1123 pavonis
924 1037 1395 1120 saginationem
1442 1038 1556 1121 (cf.
1601 1038 1773 1102 Plin.
1816 1049 1951 1104 nat.
1995 1039 2150 1105 hist.
2200 1040 2310 1121 10,
2359 1043 2398 1121 ξ
2440 1040 2528 1105 45
2572 1049 2636 1104 et

349 1139 541 1202 Varr.
575 1138 657 1202 de
686 1160 758 1202 re
786 1147 946 1202 rust.
970 1138 1032 1219 3,
1058 1137 1150 1221 6),
1182 1138 1471 1202 ciconiae
1499 1142 1988 1227 apparationem
2018 1142 2088 1206 in
2115 1141 2396 1226 gratiam
2426 1140 2630 1205 homi-

343 1262 506 1302 num
563 1239 990 1304 delicatorum
1050 1238 1241 1322 (Hor.
1298 1239 1434 1305 Sat.
1480 1242 1553 1324 2,
1599 1242 1674 1325 2,
1718 1243 1804 1307 50
1857 1265 2001 1308 cum
2061 1241 2387 1327 scholiis),
2447 1258 2638 1307 usum

346 1341 634 1405 Coarum
679 1342 961 1406 vestium
1009 1341 1081 1425 (i.
1114 1362 1170 1405 e.
1204 1343 1386 1407 venti
1430 1343 1715 1428 textilis)
1758 1366 1888 1409 non
1930 1343 2102 1408 ultra
2131 1343 2431 1408 Caesaris
2474 1354 2634 1409 tem-

341 1465 508 1529 pora
550 1442 927 1524 ascendere,
967 1442 1358 1528 elegantiam
1388 1465 1545 1509 vero
1574 1446 1866 1532 ipsorum
1895 1467 2205 1510 versuum
2235 1455 2301 1510 et
2333 1446 2633 1534 frequen-

342 1555 479 1608 tem
536 1543 1019 1610 allitterationis
1077 1567 1269 1610 usum
1325 1547 1445 1610 vix
1494 1547 1875 1630 admittere,
1934 1554 2009 1611 ut
2052 1548 2396 1633 posteriori
2437 1550 2638 1612 aetati

341 1646 740 1711 tribuantur.
830 1644 1020 1725 Quae
1065 1648 1282 1710 omnia
1325 1649 1569 1734 optime
1613 1650 1787 1712 inter
1829 1669 1899 1711 se
1944 1658 2334 1733 congruent,
2385 1649 2443 1713 si
2486 1648 2633 1713 illos

342 1770 580 1812 versus
627 1748 927 1813 Caesaris
985 1748 1277 1835 aequali,
1335 1747 1620 1813 Publilio
1667 1750 1833 1836 Syro
1878 1749 2354 1834 vindicaveris3
2409 1772 2532 1814 nec
2576 1750 2633 1815 si

341 1859 617 1930 statuaS,
662 1848 733 1913 id
779 1849 954 1937 quod
995 1851 1187 1913 unice
1231 1870 1460 1913 verum
1504 1862 1626 1935 est,
1671 1851 2052 1916 Petronium
2094 1851 2375 1916 Neronis
2419 1861 2634 1917 aetate

338 1952 628 2034 vixisse,
673 1952 908 2015 mirum
951 1950 1319 2035 videbitur,
1368 1951 1538 2038 quod
1582 1951 1843 2018 illorum
1886 1964 2194 2017 versuum
2238 1955 2634 2018 mentionem

338 2054 592 2116 iniecit.
1265 2114 1277 2123 .

515 2153 714 2233 Quod
772 2153 1344 2234 Quintilianus
1403 2154 1571 2220 libro
1619 2155 1708 2218 X.
1755 2155 1838 2219 de
1890 2157 2100 2244 poetis
2156 2156 2377 2222 latinis
2425 2157 2628 2221 disse·
2667 2158 2672 2167 ’

338 2279 495 2320 rens
552 2255 911 2320 Publilium
965 2278 1097 2320 non
1148 2257 1564 2340 memoravit,
1632 2257 1893 2322 facilem
1957 2257 2358 2344 explicatum
2409 2259 2628 2325 habet.

338 2357 511 2421 Nam
558 2367 1009 2445 praeterquam
1054 2357 1228 2443 quod
1273 2359 1583 2441 oratori*)
1632 2362 1819 2446 copia
1858 2360 2207 2424 verborum
2235 2383 2365 2424 non
2395 2383 2479 2425 ex
2509 2362 2628 2425 mi-

344 2460 475 2522 mis
518 2459 803 2546 petenda
848 2468 967 2542 est,
1014 2457 1147 2524 illis
1192 2459 1593 2546 temporibus
1638 2462 1985 2526 admiratio
2028 2460 2299 2527 Publilii
2343 2463 2476 2526 iam
2520 2462 2626 2526 de-

338 2560 698 2642 fervuerat,
747 2582 946 2647 quare
989 2559 1175 2624 illum
1220 2583 1504 2645 versum,
1552 2584 1745 2649 quem
1791 2564 2001 2628 instit.
2047 2585 2140 2627 or.
2186 2564 2247 2646 8,
2292 2563 2353 2645 5,
2399 2564 2439 2628 6
2471 2573 2535 2628 et
2565 2565 2626 2647 9,

335 2662 399 2744 3,
447 2661 533 2724 64
574 2661 843 2747 protulit

527 2791 535 2800 ’
604 2803 757 2862 Tam
801 2805 949 2869 deest
992 2822 1173 2864 avaro
1217 2806 1369 2878 quod
1407 2806 1594 2875 habet,
1640 2824 1818 2880 quam
1860 2807 2014 2880 quod
2049 2782 2178 2866 non
2219 2772 2404 2875 habet,

336 2971 376 3012 a
423 2949 836 3029 Quintiliano
880 2972 1012 3014 non
1059 2972 1143 3014 ex
1186 2951 1332 3039 ipsa
1375 2951 1645 3016 Publilii
1691 2952 1998 3036 lectione,
2045 2953 2163 3018 sed
2213 2975 2299 3018 ex
2343 2952 2627 3018 Senecae

336 3052 802 3117 controversiis
848 3054 987 3139 (pg.
1031 3052 1179 3134 206,
1231 3054 1311 3116 14
1352 3052 1594 3139 Burs.),
1641 3076 1801 3140 quas
1845 3055 1988 3142 ipse
2030 3054 2254 3119 laudat
2298 3053 2412 3118 lib.
2458 3054 2520 3136 9,
2559 3054 2622 3135 2,

330 3153 440 3236 42,
486 3153 791 3219 haustum
836 3175 979 3220 esse
1023 3152 1435 3218 crediderim.

504 3253 704 3319 Haud
757 3255 1031 3321 multum
1086 3257 1291 3341 igitur
1344 3256 1556 3321 abfuit
1571 3306 1590 3340 ,
1650 3258 1808 3344 quin
1850 3258 2122 3323 Publilii
2176 3280 2414 3324 nomen
2457 3256 2618 3324 obli-

331 3359 533 3421 vione
575 3357 977 3443 obrueretur,
1022 3358 1152 3422 nisi
1195 3367 1447 3422 amator
1474 3358 1744 3445 quidam
1782 3359 1960 3425 illius
1992 3363 2460 3425 sententiarum
2486 3382 2618 3424 me-

330 3460 607 3523 moriam
654 3481 878 3524 earum
920 3459 1312 3524 reduxisset.
1400 3459 1649 3525 Extitit
1692 3462 1886 3544 enim,
1931 3463 2062 3525 iam
2105 3464 2337 3550 primo,
2381 3471 2455 3526 ut
2484 3463 2619 3549 opi-

330 3583 473 3642 nor,
522 3560 778 3625 saeculo
822 3571 971 3648 post
1001 3560 1153 3626 Chr.
1184 3585 1252 3625 n.
1299 3584 1446 3626 cum
1483 3562 1761 3626 Publilii
1804 3564 1988 3628 mimi
2029 3564 2243 3628 adhuc
2286 3562 2618 3649 vigebant,

330 3661 569 3725 saltem
624 3661 830 3726 Gellii
894 3671 1107 3727 aetate
1171 3664 1382 3750 prior,
1451 3666 1562 3751 qui
1624 3687 1733 3730 eas
1789 3687 1906 3730 suo
1963 3664 2233 3731 consilio
2287 3664 2622 3750 colligeret

332 3761 772 3851 collectasque
827 3763 1079 3846 ederet,
1137 3787 1269 3829 non
1321 3764 1406 3828 ad
1460 3766 1658 3830 fidem
1714 3766 2182 3853 exemplarium
2223 3788 2419 3831 manu
2462 3768 2620 3832 scri-

325 3873 588 3951 ptorum
608 3914 625 3947 ,
671 3866 786 3931 sed
830 3866 1099 3931 auribus
1146 3869 1360 3954 potius
1404 3867 1489 3932 ab
1534 3868 1963 3933 histrionibus
2008 3877 2314 3955 exceptas
2330 3918 2349 3952 ,
2395 3868 2616 3955 quales

324 3989 439 4031 ore
497 3966 685 4053 vulgi
741 3967 1016 4033 traditas
1070 3978 1185 4033 aut
1240 3971 1311 4032 in
1364 3969 1620 4035 theatro
1676 3969 2034 4034 celebratas
2080 3968 2610 4056 deprehenderat.

325 4068 432 4134 Cf.
495 4067 820 4134 Gellius
883 4071 995 4153 17,
1046 4072 1158 4153 14,
1204 4072 1276 4136 3:
1333 4071 1555 4138 Huius
1612 4071 1883 4138 Publilii
1932 4074 2269 4138 sententiae
2318 4072 2614 4153 feruntur

462 4258 515 4323 *)
553 4257 637 4313 cf.
678 4258 739 4308 C.
766 4258 939 4310 Iulius
961 4261 1154 4312 Victor
1188 4261 1248 4310 in
1284 4266 1405 4313 arte
1441 4261 1643 4313 rhetor.
1682 4278 1767 4327 cp.
1792 4264 1877 4322 26,
1914 4279 2005 4329 pg.
2030 4264 2146 4322 447,
2173 4264 2238 4312 33
2265 4259 2347 4312 ed.
2372 4258 2609 4328 Halmii²

314 4341 605 4395 Sermonis
648 4356 784 4395 usus
825 4341 997 4395 ‘multo
1040 4341 1385 4409 frequentior
1435 4360 1602 4412 quam
1636 4343 1908 4396 orationis
1942 4348 2019 4396 est
2055 4383 2068 4395 .
2106 4382 2119 4394 .
2156 4382 2169 4394 .
2208 4382 2221 4394 .
2254 4340 2498 4394 Multum
2533 4343 2611 4395 ad

313 4426 588 4480 amnonis
623 4421 953 4495 eleyantiam
988 4427 1268 4492 conferent
1300 4429 1605 4483 comoediae
1627 4433 1828 4482 veteres
1851 4433 1901 4483 et
1933 4432 2152 4496 toyatae
2175 4431 2226 4480 et
2260 4426 2609 4481 tabernariae

310 4518 366 4566 et
400 4511 708 4564 Atellanae
740 4510 966 4576 fabulae
1002 4516 1052 4566 et
1085 4512 1490 4578 minwfabulae.
