3209 5184
658 385 745 454 44
1444 374 1449 379 ”
1530 398 2075 449 PROLEGOMENA.

606 608 613 615 .
659 567 924 645 agatur:
973 556 1272 622 destituti
1318 555 1489 620 enim
1526 575 1649 641 ope
1679 553 1922 620 codicis
1954 551 2479 647 Vindobonensis
2511 562 2767 640 praeter
2797 555 2942 619 Fri-

660 662 1032 747 singensem
1088 656 1226 723 solo
1279 657 1551 720 nitimur
1605 655 2072 721 sententiarum
2129 655 2384 720 delectu
2444 655 2817 739 Turicensi,
2874 658 2945 721 in

661 785 786 850 quo
842 761 928 825 ad
973 760 1212 845 viginti
1266 759 1553 844 quinque
1595 757 1788 822 huius
1834 757 2038 845 partis
2085 755 2428 839 versiculi,
2488 758 2666 843 iique
2710 757 2941 845 depra-

661 864 1005 943 vatissimi,
1051 870 1329 925 aetatem
1372 859 1685 942 tulerunt,
1734 868 1797 923 et
1842 857 2064 923 codice
2107 860 2406 924 Parisino
2454 860 2640 941 8027,
2687 858 2770 923 de
2815 883 2943 947 quo

662 965 744 1029 cf.
791 987 901 1051 pg.
953 964 1051 1028 19.
1140 961 1277 1025 Vix
1323 983 1556 1048 operae
1599 961 1881 1051 pretium
1926 969 2023 1025 est
2068 982 2596 1043 commemorare,
2640 962 2944 1027 versibus

659 1066 784 1131 389
816 1075 878 1130 et
907 1065 1033 1130 542
1076 1063 1386 1128 accedere
1429 1063 1884 1129 auctoritatem
1930 1063 2171 1127 codicis
2202 1063 2486 1127 Parisini
2517 1062 2704 1127 8049.
2780 1063 2944 1126 Eae

664 1166 1150 1248 sententiae,
1223 1166 1414 1252 quin
1472 1165 1642 1229 sint
1698 1162 2077 1246 Publilii,
2146 1187 2299 1229 non
2355 1171 2472 1228 est
2532 1165 2739 1251 quod
2799 1163 2940 1275 du-

665 1270 1030 1335 bitemuS.

832 1371 1242 1456 Quamquam
1286 1370 1393 1433 hic
1434 1390 1688 1456 quoque
1737 1367 1943 1448 valet,
1991 1368 2167 1454 quod
2210 1369 2341 1433 iam
2384 1390 2580 1455 supra
2620 1369 2941 1434 vidimus:

663 1495 850 1561 posse
896 1480 1227 1559 suspectas
1273 1472 1435 1552 fieri,
1484 1491 1650 1557 quae
1694 1468 1817 1534 sub
1848 1469 2042 1533 finem
2073 1469 2435 1535 litterarum
2466 1469 2941 1556 N—Vlegun-

662 1585 788 1658 tm,
835 1583 1058 1661 utpote
1088 1596 1127 1636 a
1155 1572 1425 1638 librario
1471 1570 1777 1661 collectas
1824 1593 1908 1635 ex
1936 1570 2063 1638 alio
2093 1572 2384 1661 pleniore
2415 1573 2660 1638 codice.
2737 1572 2846 1637 Sic
2876 1596 2941 1637 v.

660 1678 807 1760 500,
840 1677 952 1763 qui
983 1684 1081 1739 est
1110 1674 1376 1739 ultimus
1409 1673 1665 1749 litterae
1697 1673 1775 1756 P,
1807 1673 1982 1760 apud
2002 1673 2359 1741 Caecilium
2381 1674 2660 1739 Balbum
2691 1697 2945 1762 quoque

661 1778 921 1864 legitur,
968 1777 1222 1842 Monac.
1253 1776 1358 1858 48,
1394 1777 1453 1858 7,
1478 1797 1609 1862 .pg.
1642 1776 1756 1858 343
1803 1778 1872 1840 in
1916 1797 2114 1840 versu
2141 1778 2268 1842 499
2297 1775 2582 1843 insolens
2628 1786 2726 1841 est
2768 1775 2942 1842 locu-

663 1881 753 1945 tio
788 1880 1077 1963 pericula
1117 1879 1392 1960 accipere
1405 1876 1491 1962 ²¹²),
1539 1877 1718 1942 dicta
1759 1877 1845 1941 ad
1889 1877 2255 1964 analogiam
2301 1880 2441 1943 eius
2473 1878 2648 1965 quod
2680 1888 2779 1943 est
2808 1880 2943 1943 vul-

662 2004 818 2047 nera
863 1983 1171 2063 acciperffl
1215 1980 1283 2042 in
1328 2000 1524 2042 versu
1553 1979 1678 2044 498
1717 1978 1848 2043 Pro
1893 1980 2054 2045 bima
2093 1983 2276 2061 sama
2295 2002 2304 2026 ⁸
2321 1983 2605 2046 maxima
2648 1986 2736 2045 est
2775 1982 2944 2045 here-

663 2086 829 2149 ditas
871 2106 1000 2148 non
1046 2081 1257 2169 placet
1303 2079 1669 2146 emendatio
1715 2083 2012 2167 quamvis
2056 2080 2271 2146 facilis
2307 2082 2512 2148 Probo
2557 2084 2722 2148 bona
2761 2084 2944 2163 fama

665 2207 742 2249 m.
789 2190 877 2249 est
917 2185 976 2249 h.
1026 2183 1242 2267 (nemo
1287 2184 1459 2247 enim
1500 2182 1835 2269 improbus
1880 2182 2052 2248 bona
2096 2183 2270 2247 fama
2313 2184 2604 2269 fruitur),
2654 2183 2770 2248 sed
2814 2193 2942 2248 sta-

662 2284 976 2350 tuendum
1020 2286 1234 2372 potius
1280 2305 1427 2347 eum
1472 2307 1731 2350 versum
1775 2286 2249 2371 interpretandi
2282 2284 2388 2348 vel
2416 2285 2719 2350 variandi
2750 2307 2945 2349 causa

660 2387 746 2451 ad
790 2410 855 2451 v.
901 2388 1024 2473 217
1070 2385 1474 2472 adscriptum
1516 2385 1743 2451 fuisse.
1833 2387 1935 2452 Cf.
1981 2387 2076 2451 ad
2114 2411 2176 2452 v.
2216 2388 2347 2452 423
2393 2397 2457 2452 et
2498 2388 2644 2453 583.

830 2489 900 2573 6)
947 2488 1428 2575 Disputationis
1472 2489 1675 2573 igitur
1720 2499 1975 2554 nostrae
2019 2512 2268 2555 summa
2312 2499 2431 2571 est,
2478 2499 2550 2555 ut
2593 2511 2756 2577 quae
2795 2499 2946 2577 post

662 2614 728 2654 v.
773 2590 898 2655 386
943 2588 1273 2654 inclinatis
1317 2588 1554 2654 litteris
1601 2592 1880 2677 exprimi
1925 2593 2265 2673 iussimuS,
2320 2614 2360 2655 a
2402 2590 2686 2656 Publilio
2729 2590 2945 2656 aliena

664 2692 1055 2775 iudicemus,
1113 2690 1365 2779 reliqua
1421 2694 1639 2756 omnia
1693 2693 1846 2758 dato
1904 2696 1972 2758 in
2028 2693 2303 2779 singulis
2356 2694 2757 2781 exceptionis
2802 2694 2944 2758 iure

660 2794 747 2857 ad
805 2794 1269 2858 sententiarum
1327 2792 1773 2859 collectionem
1827 2818 1867 2858 a
1912 2795 2127 2860 Gellio
2184 2794 2513 2860 laudatam
2565 2796 2944 2860 referamus,

663 2896 804 2960 Iam
834 2898 1187 2984 quaeritur,
1220 2905 1437 2960 utrum
1468 2898 1921 2962 sententias
1968 2919 2063 2961 ex
2107 2897 2466 2963 omnibus
2513 2920 2704 2985 quos
2749 2919 2945 2961 enu-

662 3001 1143 3064 meravimus
1201 2998 1622 3063 codicibus
1680 3001 1760 3064 in
1811 3021 2037 3063 unum
2084 3000 2555 3064 coniunctas
2600 3022 2948 3086 aequare

664 3122 955 3188 corpus
1002 3100 1590 3164 sententiarum
1636 3100 2191 3166 Gellianarum
2237 3123 2635 3183 censeamus,
2683 3124 2766 3165 an
2811 3110 2943 3166 sta-

664 3211 921 3266 tuamus
997 3199 1235 3264 nobis
1310 3201 1717 3287 epitomen
1797 3212 2096 3269 tantum
2176 3226 2268 3267 ex
2341 3202 2514 3267 illis
2586 3202 2946 3269 relictam

665 3304 887 3368 esse?
932 3303 1160 3366 Liceat
1201 3323 1337 3364 rem
1381 3301 1468 3364 ad
1511 3302 1793 3369 calculos
1839 3327 2092 3370 vocare.

833 3404 1017 3485 Quos
1071 3400 1296 3468 retulit
1350 3412 1484 3469 tres
1530 3404 1803 3469 Publilii
1847 3429 2073 3472 versus
2122 3406 2367 3472 Seneca
2411 3408 2663 3488 rhetor,
2719 3429 2946 3472 omnes

664 3509 732 3571 in
776 3504 1112 3571 codicibus
1155 3506 1395 3571 nostris
1443 3514 1703 3587 extant,
1751 3529 1815 3569 v.
1862 3508 2009 3590 236,
2053 3509 2200 3589 438,
2247 3509 2393 3591 628,
2439 3510 2596 3572 item
2639 3517 2949 3595 quattuor

664 3631 825 3694 quos
873 3606 1119 3673 Seneca
1162 3605 1583 3696 philosophus
1631 3628 1695 3672 v.
1747 3610 1803 3690 1,
1850 3609 1911 3689 2,
1970 3610 2110 3692 119,
2150 3610 2297 3692 250,
2335 3614 2409 3673 'et
2454 3632 2644 3697 quem
2688 3608 2942 3674 Salvia-

664 3732 817 3791 nuS,
865 3731 928 3772 v.
976 3710 1090 3792 283
1147 3708 1666 3795 quattuordecim
1712 3709 1993 3796 denique
2037 3710 2478 3777 Gellianorum
2524 3713 2948 3778 inveniuntur

664 3810 999 3875 tredecim.
1090 3808 1335 3873 Eorum
1378 3833 1601 3893 unum,
1635 3812 1928 3895 Improbe
1955 3812 2322 3894 qumum
2365 3819 2633 3891 accusat,
2680 3816 2789 3895 qui
2831 3816 2944 3878 ite-

666 3934 810 3978 rum
866 3912 1281 3994 veaecsinyium
1329 3912 1517 3994 Ῑὶιοὶἰ,
1578 3914 1648 3976 in
1693 3912 1830 3979 solo
1881 3914 1940 3977 T
1975 3927 2307 3978 servatum
2351 3937 2492 3979 esse
2536 3938 2722 3980 nemo
2768 3925 2947 3980 certe

664 4012 1044 4095 mirabitur,
1091 4035 1236 4076 cum
1280 4012 1651 4078 hominibus
1695 4014 2067 4080 christianis
2109 4025 2223 4081 aut
2266 4015 2518 4081 inutilis
2559 4026 2673 4081 aut
2715 4017 2946 4083 obscu—

665 4116 798 4180 rior
840 4113 1053 4179 videri
1098 4116 1399 4201 potuerit.
1486 4114 1717 4201 Itaque
1761 4138 1924 4180 unus
1970 4125 2214 4181 tantum
2259 4139 2512 4199 versuS,
2558 4139 2749 4204 quem
2778 4117 2945 4202 legi-

664 4239 807 4282 mus
849 4216 1025 4304 apud
1071 4214 1374 4299 Gellium,
1421 4216 1491 4279 in
1530 4218 1772 4281 nostris
1819 4215 2152 4282 codicibus
2198 4217 2724 4299 desideratur,v
2731 4220 2942 4285 .106.

666 4316 745 4381 Id
800 4342 927 4383 non
982 4320 1196 4383 minus
1249 4328 1631 4403 argumento
1675 4328 1774 4383 est
1835 4316 2121 4384 librwuiis
2176 4320 2385 4385 locum
2431 4319 2663 4403 Gellii,
2718 4322 2815 4402 17,
2866 4322 2948 4387 14

802 4438 856 4505 *)
895 4440 981 4491 Cf
1020 4448 1204 4492 tamen
1240 4438 1351 4491 Cic.
1392 4456 1445 4508 p.
1483 4439 1659 4507 Sulla,
1699 4444 1742 4501 1,
1786 4446 1836 4495 1:
1874 4439 2244 4494 calamitatem
2277 4440 2535 4508 accipere.
