3209 5184
621 459 742 528 132
1404 473 1839 527 SENTENTIAE
1886 473 2107 526 FALso

786 629 985 711 Quod
1029 631 1144 696 diu
1186 630 1509 713 tractaris,
1557 631 1628 695 id
1672 639 1831 717 puta
1872 631 2331 696 rectissimum.

785 732 980 813 Quod
1025 753 1167 797 esse
1210 732 1482 797 tacitum
1526 732 1652 814 vis,
1700 731 1772 797 id
1814 729 1979 795 nulli
2025 731 2298 796 dixeris.

616 840 741 899 320
785 831 980 914 Quod
1023 833 1239 897 facere
1283 842 1475 920 turpe
1519 842 1640 916 est,
1687 832 1906 897 dicere
1947 855 2030 896 ne
2073 832 2415 897 honestum
2461 843 2636 920 puta.

786 934 982 1015 Quod
1025 936 1278 999 nescias
1326 933 1636 999 damnare
1653 956 1937 1011 ‚summa
1982 944 2081 999 est
2122 936 2486 1000 temeritas.

786 1035 984 1116 Quod
1030 1034 1172 1102 vult
1214 1035 1433 1119 habet,
1482 1037 1595 1123 qui
1639 1034 1808 1100 velle
1854 1035 2029 1122 quod
2073 1037 2233 1101 satis
2281 1047 2400 1120 est,
2445 1045 2680 1124 potest.

784 1134 1006 1216 Quum
1049 1148 1305 1225 tempus
1349 1147 1635 1220 revocat,
1682 1135 1795 1202 illa
1838 1133 2123 1224 praecox
2168 1147 2267 1203 est
2310 1138 2490 1223 fuga.

566 1323 573 1331 ι
782 1238 1011 1304 Refert
1054 1238 1370 1305 bonorum
1415 1237 1737 1326 exemplis
1781 1239 2002 1326 puniri
2046 1240 2398 1326 improbos.

614 1345 735 1404 325
781 1339 1011 1405 Refert
1054 1363 1245 1428 quam
1293 1342 1438 1427 quis
1485 1341 1654 1407 bene
1698 1342 1912 1424 vivat3
1960 1362 2155 1426 quam
2199 1341 2316 1406 diu
2360 1363 2490 1405 non
2531 1342 2755 1409 refert.

779 1441 961 1528 Rege
1019 1440 1328 1509 incolumi
1386 1465 1568 1508 mens
1630 1442 1931 1508 omnibus
1989 1464 2120 1506 una
2179 1451 2312 1526 θεῖς
2369 1443 2612 1508 amisso
2667 1466 2919 1531 rupere

1262 1607 1269 1612 .
1825 1542 2043 1607 fidem.

780 1645 1074 1730 Regibus
1121 1647 1358 1712 certior
1404 1655 1503 1711 est
1549 1667 1635 1710 ex
1675 1644 2175 1710 mansuetudine
2218 1646 2554 1712 securitas.

660 1823 669 1828 ,
777 1747 1032 1832 Regum
1076 1747 1338 1814 fortuna
1382 1769 1568 1812 casus
1615 1745 2005 1833 praecipites
2049 1755 2240 1812 rotat.

779 1847 1073 1935 Repente
1119 1847 1307 1913 dives
1352 1871 1541 1915 nemo
1585 1848 1798 1914 factus
1846 1856 1944 1912 est
1989 1847 2219 1915 bonus.

617 1956 743 2014 330
785 1949 915 2014 Res
962 1950 1256 2036 inquieta
1301 1959 1398 2015 est
1441 1951 1512 2014 in
1554 1958 1627 2015 se
1668 1949 1879 2036 ipsam
1922 1947 2224 2014 felicitas·

781 2050 1141 2117 Revertere
1183 2051 1357 2117 unde
1402 2053 1663 2118 veneris
1707 2048 1875 2116 nihil
1918 2072 2122 2136 grave
2168 2060 2286 2117 est.

778 2151 1160 2217 Ridiculum
1205 2162 1302 2220 est
1346 2154 1496 2221 odio
1541 2153 1837 2219 nocentis
1882 2153 2157 2239 perdere
2201 2153 2658 2219 innocentiam.

781 2253 991 2340 Saepe
1036 2254 1449 2322 dissimulare
1495 2277 1691 2343 quam
1732 2253 1965 2322 ulcisci
2010 2256 2214 2320 satius
2259 2254 2407 2320 fuit.

783 2355 990 2443 Saepe
1034 2357 1298 2424 fortuna
1341 2358 1786 2441 innocentem,
1834 2378 2189 2442 numquam
2231 2379 2380 2444 spes
2424 2357 2597 2423 bona
2640 2354 2925 2422 deserit.

609 2463 731 2522 335
782 2456 990 2545 Saepe
1035 2457 1207 2524 oculi
1253 2468 1316 2524 et
1359 2481 1548 2526 aures
1595 2457 1781 2544 vulgi
1824 2467 2025 2524 testes
2072 2467 2223 2525 sunt
2267 2457 2443 2526 mali.

779 2558 1051 2647 Saepius
1098 2558 1409 2643 locutum,
1457 2583 1809 2647 numquam
1852 2583 1956 2625 me
2000 2561 2285 2626 tacuisse
2330 2562 2640 2648 paenitet.

779 2658 949 2725 Salis
996 2659 1439 2728 absumendus
1486 2662 1767 2745 modius,
1812 2664 2194 2749 priusquam
2236 2661 2479 2728 habeas
2524 2662 2741 2728 fidem.

779 2762 1051 2849 Sapiens
1110 2765 1236 2829 etsi
1293 2772 1633 2830 contentus
1693 2773 1791 2828 est
1837 2786 1937 2847 se,
1995 2772 2213 2828 tamen
2267 2765 2550 2828 amicum
2604 2764 2747 2829 vult
2791 2764 2921 2829 ha-

1823 2864 1977 2932 bere
2023 2875 2086 2931 et
2132 2888 2195 2953 q.
2242 2889 2293 2932 s.

783 2964 1059 3053 Sapiens
1103 2964 1269 3034 nihil
1312 2966 1495 3050 facit,
1542 2967 1715 3054 quod
1757 2990 1890 3034 non
1935 2967 2149 3050 debet,
2197 2976 2261 3032 et
2304 2966 2469 3034 nihil
2499 2969 2922 3056 praetermit-

1825 3071 1925 3152 tit,
1974 3069 2149 3156 quod
2196 3069 2413 3135 debet.

612 3173 741 3233 340
786 3167 1064 3236 Securus
1109 3169 1268 3255 obit,
1315 3172 1428 3257 qui
1472 3172 1636 3238 vitia
1680 3193 1797 3240 sua
1839 3179 1992 3238 ante
2035 3169 2349 3238 immolat.

778 3397 900 3455 318
951 3398 1032 3455 Gr
1063 3397 1120 3453 2.
1151 3397 1302 3455 Caec.
1347 3398 1493 3455 Balh.
1539 3399 1680 3456 Mon.
1714 3399 1826 3472 28,
1863 3400 1891 3455 1
1914 3443 1930 3472 ,
1975 3418 2069 3475 pg.
2103 3398 2180 3457 29
2355 3398 2475 3456 319
2521 3400 2592 3456 F.
2627 3399 2707 3455 Cf.
2738 3391 2922 3474 supra

605 3501 696 3559 pg.
734 3482 876 3556 101,
911 3482 988 3539 75
1165 3482 1289 3543 320
1331 3484 1430 3540 Ps.
1465 3484 1613 3541 Caec.
1646 3484 1790 3541 Balh.
1822 3484 1965 3544 Mon.
2000 3485 2057 3558 1,
2088 3484 2147 3557 2,
2176 3501 2270 3558 pg.
2302 3483 2380 3543 18
2411 3500 2534 3542 cum
2566 3483 2747 3541 adnot.

605 3568 721 3625 321
758 3567 857 3626 Ps.
977 3566 1098 3627 322
1132 3569 1230 3626 Ps‘.
1261 3568 1506 3626 Incertus
1535 3578 1699 3645 poeta
1730 3586 1812 3644 ap.
1846 3570 1972 3626 Sen.
2006 3570 2163 3643 epist.
2205 3568 2343 3639 108,
2379 3568 2453 3625 11
2566 3568 2688 3627 323
2719 3570 2816 3627 Ps.

608 3651 731 3709 324
777 3654 846 3710 F.
1024 3652 1147 3712 325
1196 3655 1296 3713 Gr.
1333 3671 1396 3710 ex
1426 3654 1594 3712 Palat.
1631 3654 1712 3710 Cf.
1746 3653 1869 3710 Seu.
1902 3655 2061 3729 epist.
2103 3654 2253 3726 100,
2291 3652 2390 3726 15,
2422 3662 2478 3711 et
2507 3670 2670 3728 supra
2698 3672 2748 3709 v.
2780 3653 2917 3712 248

777 3737 898 3796 326
950 3738 1048 3796 Ge.
1086 3739 1208 3796 Sen.
1253 3740 1320 3795 de
1352 3740 1508 3797 clem.
1545 3741 1576 3796 1
1599 3783 1615 3812 ,
1648 3739 1719 3813 4,
1754 3738 1788 3795 2
1832 3739 1959 3796 coll.
1990 3739 2150 3813 Verg.
2187 3737 2385 3812 Georg.
2419 3737 2492 3810 4,
2527 3738 2648 3796 213
2691 3746 2746 3794 et
2777 3738 2913 3797 Sen.

611 3822 774 3896 epist.
813 3821 952 3893 114,
986 3822 1063 3880 23
1240 3822 1361 3884 327
1410 3826 1520 3882 Pn.
1555 3824 1679 3881 Sen.
1714 3825 1779 3880 de
1810 3825 1963 3881 elem.
2001 3826 2059 3896 1,
2091 3825 2151 3895 8,
2187 3823 2221 3881 6
2381 3822 2501 3881 328
2548 3823 2657 3880 Bo.
2689 3822 2916 3882 Menan-

607 3906 705 3961 der
733 3923 826 3981 pg.
859 3906 980 3964 333
1012 3906 1169 3964 Mein.
1346 3908 1466 3966 329
1512 3910 1610 3966 Ps.
1645 3908 1933 3966 Menander
1962 3915 2199 3965 monost.
2234 3908 2356 3966 688
2390 3896 2589 3976 οὐδεὶς
2619 3900 2914 3983 ἐπλούτη-

610 4005 713 4046 σεν
742 3984 958 4064 ταχέως
991 3985 1220 4060 δίκαιος
1253 3977 1354 4049 ὧν.
1552 3994 1678 4051 330
1720 3994 1818 4051 Ps.
1854 3995 1977 4051 Seu.
2012 3994 2171 4068 epist.
2203 3993 2306 4065 36,
2341 3993 2372 4049 1
2562 3993 2681 4051 331
2731 3992 2812 4049 Gr
2848 3994 2912 4054 2.

608 4076 734 4132 Sen.
767 4076 834 4132 de
866 4083 1040 4151 tranq.
1074 4094 1158 4134 an.
1197 4076 1296 4151 11,
1326 4076 1364 4133 4
1539 4077 1660 4136 332
1708 4080 1778 4135 E.
1812 4078 1892 4136 Cf.
1926 4095 2090 4152 supra
2118 4096 2212 4153 pg.
2249 4076 2393 4150 105,
2425 4077 2504 4135 85
2633 4077 2754 4136 333
2799 4079 2908 4137 Ps.

610 4160 738 4217 Sen.
772 4161 840 4217 de
870 4163 948 4217 ira
981 4161 1039 4232 2,
1072 4161 1174 4235 33,
1213 4162 1244 4217 1
1420 4160 1541 4220 334
1590 4162 1674 4220 Gr
1707 4164 1761 4220 2.
1794 4162 1945 4221 Caec.
1977 4162 2123 4219 Balb.
2155 4163 2295 4218 Mon.
2332 4162 2434 4236 25,
2465 4163 2525 4235 3,
2556 4180 2649 4237 pg.
2682 4162 2760 4220 28

617 4245 739 4316 335
786 4247 887 4308 Ps.
921 4245 1072 4304 Caec.
1106 4246 1424 4309 Balh.2M0n.
1455 4248 1510 4318 l,
1537 4248 1641 4321 31,
1672 4265 1767 4322 pg.
1796 4247 1878 4306 20
1993 4248 2115 4306 336
2162 4249 2261 4304 Gr.
2288 4245 2437 4307 Caec.
2459 4247 2604 4304 Balb.
2627 4247 2768 4304 Mon.
2796 4247 2912 4324 26,

611 4331 637 4384 1
663 4373 679 4402 ,
714 4348 804 4405 pg.
842 4330 919 4388 28
1139 4333 1259 4391 337
1309 4334 1413 4389 Bo.
1460 4331 1715 4390 Proverb.
1755 4350 1941 4408 graec.
1986 4350 2051 4390 ex
2089 4331 2315 4390 Aristot.
2363 4333 2477 4390 eth.
2512 4333 2623 4389 Nic.
2658 4332 2728 4404 8,
2765 4333 2839 4405 3,
2866 4337 2912 4393 8

776 4416 1079 4571 33313ὀὸ960.
1129 4417 1251 4474 Seu.
1298 4419 1455 4492 epist.
1501 4418 1571 4490 9,
1604 4417 1642 4474 8
1857 4418 1977 4476 339
2027 4418 2126 4475 Ge.
2173 4417 2299 4475 Sen.
2346 4417 2412 4474 «le
2452 4418 2609 4475 clem.
2655 4417 2724 4491 2,
2760 4419 2832 4491 7,
2877 4422 2911 4478 1
