<?xml version="1.0" encoding="UTF-8"?>
<!DOCTYPE html PUBLIC "-//W3C//DTD XHTML 1.0 Transitional//EN"
    "http://www.w3.org/TR/xhtml1/DTD/xhtml1-transitional.dtd">
<html xmlns="http://www.w3.org/1999/xhtml" xml:lang="en" lang="en">
 <head>
  <title>
</title>
<meta http-equiv="Content-Type" content="text/html;charset=utf-8" />
  <meta name='ocr-system' content='tesseract 3.04.00' />
  <meta name='ocr-capabilities' content='ocr_page ocr_carea ocr_par ocr_line ocrx_word'/>
</head>
<body>
  <div class='ocr_page' id='page_1' title='image "./publiliisyrisen01martgoog_0130.png"; bbox 0 0 3209 5184; ppageno 0'>
   <div class='ocr_carea' id='block_1_1' title="bbox 640 452 2287 516">
    <p class='ocr_par' dir='ltr' id='par_1_1' title="bbox 640 452 2287 516">
     <span class='ocr_line' id='line_1_1' title="bbox 640 452 2287 516; baseline -0.004 0"><span class='ocrx_word' id='word_1_1' title='bbox 640 452 759 516; x_wconf 83' lang='lat'><strong>102</strong></span> <span class='ocrx_word' id='word_1_2' title='bbox 1261 465 1572 512; x_wconf 78' lang='lat' dir='ltr'><strong>PtJssmml</strong></span> <span class='ocrx_word' id='word_1_3' title='bbox 1620 465 1776 513; x_wconf 78' lang='lat' dir='ltr'><strong>sYRI</strong></span> <span class='ocrx_word' id='word_1_4' title='bbox 1824 462 2287 512; x_wconf 73' lang='grc' dir='ltr'>εΕΝΤΕΝΤῙΑΕ.</span> 
     </span>
    </p>
   </div>
   <div class='ocr_carea' id='block_1_2' title="bbox 636 616 2933 2736">
    <p class='ocr_par' dir='ltr' id='par_1_2' title="bbox 636 616 2931 2736">
     <span class='ocr_line' id='line_1_2' title="bbox 800 616 2522 703; baseline -0.001 -19"><span class='ocrx_word' id='word_1_5' title='bbox 800 619 997 700; x_wconf 91' lang='lat' dir='ltr'><strong>Quod</strong></span> <span class='ocrx_word' id='word_1_6' title='bbox 1039 620 1270 683; x_wconf 84' lang='lat' dir='ltr'><strong>timeas</strong></span> <span class='ocrx_word' id='word_1_7' title='bbox 1317 618 1508 682; x_wconf 86' lang='lat' dir='ltr'><strong>citius</strong></span> <span class='ocrx_word' id='word_1_8' title='bbox 1555 639 1750 703; x_wconf 89' lang='lat' dir='ltr'><strong>quam</strong></span> <span class='ocrx_word' id='word_1_9' title='bbox 1794 616 1970 703; x_wconf 92' lang='lat' dir='ltr'><strong>quod</strong></span> <span class='ocrx_word' id='word_1_10' title='bbox 2015 638 2233 702; x_wconf 79' lang='lat' dir='ltr'><strong>speres</strong></span> <span class='ocrx_word' id='word_1_11' title='bbox 2282 619 2522 682; x_wconf 91' lang='lat' dir='ltr'><strong>evenit.</strong></span> 
     </span>
     <span class='ocr_line' id='line_1_3' title="bbox 803 707 2572 806; baseline -0.002 -20"><span class='ocrx_word' id='word_1_12' title='bbox 803 720 999 802; x_wconf 91' lang='lat' dir='ltr'><strong>Quod</strong></span> <span class='ocrx_word' id='word_1_13' title='bbox 1046 719 1189 784; x_wconf 85' lang='lat' dir='ltr'><strong>vult</strong></span> <span class='ocrx_word' id='word_1_14' title='bbox 1234 718 1558 806; x_wconf 81' lang='lat' dir='ltr'><strong>cupiditas</strong></span> <span class='ocrx_word' id='word_1_15' title='bbox 1605 720 1871 802; x_wconf 82' lang='lat' dir='ltr'><strong>cogitat,</strong></span> <span class='ocrx_word' id='word_1_16' title='bbox 1917 741 2047 782; x_wconf 88' lang='lat' dir='ltr'><strong>non</strong></span> <span class='ocrx_word' id='word_1_17' title='bbox 2093 718 2266 805; x_wconf 92' lang='lat' dir='ltr'><strong>quod</strong></span> <span class='ocrx_word' id='word_1_18' title='bbox 2311 718 2518 785; x_wconf 88' lang='lat' dir='ltr'><strong>decet.</strong></span> <span class='ocrx_word' id='word_1_19' title='bbox 2563 707 2572 718; x_wconf 72' lang='grc'><em>’</em></span> 
     </span>
     <span class='ocr_line' id='line_1_4' title="bbox 804 820 2351 908; baseline -0.001 -22"><span class='ocrx_word' id='word_1_20' title='bbox 804 820 1145 908; x_wconf 77' lang='lat' dir='ltr'><strong>Quidquid</strong></span> <span class='ocrx_word' id='word_1_21' title='bbox 1191 821 1468 903; x_wconf 78' lang='lat' dir='ltr'><strong>conariS,</strong></span> <span class='ocrx_word' id='word_1_22' title='bbox 1515 842 1641 906; x_wconf 90' lang='lat' dir='ltr'><strong>quo</strong></span> <span class='ocrx_word' id='word_1_23' title='bbox 1687 821 2031 907; x_wconf 89' lang='lat' dir='ltr'><strong>pervenias</strong></span> <span class='ocrx_word' id='word_1_24' title='bbox 2079 820 2351 905; x_wconf 88' lang='lat' dir='ltr'><strong>cogites.</strong></span> 
     </span>
     <span class='ocr_line' id='line_1_5' title="bbox 636 920 2390 1005; baseline -0.002 -15"><span class='ocrx_word' id='word_1_25' title='bbox 636 934 760 991; x_wconf 91' lang='lat'><strong>510</strong></span> <span class='ocrx_word' id='word_1_26' title='bbox 805 924 939 1005; x_wconf 93' lang='lat' dir='ltr'><strong>Qui</strong></span> <span class='ocrx_word' id='word_1_27' title='bbox 981 923 1148 988; x_wconf 87' lang='lat' dir='ltr'><strong>bene</strong></span> <span class='ocrx_word' id='word_1_28' title='bbox 1193 920 1582 1004; x_wconf 80' lang='lat' dir='ltr'><strong>dissimulat,</strong></span> <span class='ocrx_word' id='word_1_29' title='bbox 1631 922 1824 985; x_wconf 89' lang='lat' dir='ltr'><strong>citius</strong></span> <span class='ocrx_word' id='word_1_30' title='bbox 1871 921 2134 984; x_wconf 88' lang='lat' dir='ltr'><strong>inimico</strong></span> <span class='ocrx_word' id='word_1_31' title='bbox 2178 931 2390 986; x_wconf 91' lang='lat' dir='ltr'><strong>nocet.</strong></span> 
     </span>
     <span class='ocr_line' id='line_1_6' title="bbox 805 1025 2537 1112; baseline -0.001 -23"><span class='ocrx_word' id='word_1_32' title='bbox 805 1025 1000 1106; x_wconf 91' lang='lat' dir='ltr'><strong>Quod</strong></span> <span class='ocrx_word' id='word_1_33' title='bbox 1046 1046 1301 1110; x_wconf 90' lang='lat' dir='ltr'><strong>semper</strong></span> <span class='ocrx_word' id='word_1_34' title='bbox 1345 1034 1445 1088; x_wconf 89' lang='lat' dir='ltr'><strong>est</strong></span> <span class='ocrx_word' id='word_1_35' title='bbox 1488 1032 1810 1112; x_wconf 88' lang='lat' dir='ltr'><strong>paratum,</strong></span> <span class='ocrx_word' id='word_1_36' title='bbox 1857 1044 1989 1087; x_wconf 89' lang='lat' dir='ltr'><strong>non</strong></span> <span class='ocrx_word' id='word_1_37' title='bbox 2033 1044 2288 1108; x_wconf 81' lang='lat' dir='ltr'>semper</span> <span class='ocrx_word' id='word_1_38' title='bbox 2330 1026 2537 1089; x_wconf 85' lang='lat' dir='ltr'><strong>iuvat.</strong></span> 
     </span>
     <span class='ocr_line' id='line_1_7' title="bbox 809 1122 2305 1212; baseline -0.003 -19"><span class='ocrx_word' id='word_1_39' title='bbox 809 1127 1284 1212; x_wconf 77' lang='lat' dir='ltr'><strong>Quodcumque</strong></span> <span class='ocrx_word' id='word_1_40' title='bbox 1328 1124 1521 1207; x_wconf 90' lang='lat' dir='ltr'><strong>celes,</strong></span> <span class='ocrx_word' id='word_1_41' title='bbox 1568 1126 1712 1212; x_wconf 90' lang='lat' dir='ltr'><strong>ipse</strong></span> <span class='ocrx_word' id='word_1_42' title='bbox 1756 1122 1881 1188; x_wconf 89' lang='lat' dir='ltr'><strong>tibi</strong></span> <span class='ocrx_word' id='word_1_43' title='bbox 1927 1123 2044 1187; x_wconf 88' lang='lat' dir='ltr'><strong>fias</strong></span> <span class='ocrx_word' id='word_1_44' title='bbox 2091 1129 2305 1188; x_wconf 86' lang='lat' dir='ltr'><strong>timor.</strong></span> 
     </span>
     <span class='ocr_line' id='line_1_8' title="bbox 806 1226 2379 1313; baseline -0.002 -20"><span class='ocrx_word' id='word_1_45' title='bbox 806 1229 941 1310; x_wconf 92' lang='lat' dir='ltr'><strong>Qui</strong></span> <span class='ocrx_word' id='word_1_46' title='bbox 982 1226 1434 1293; x_wconf 88' lang='lat' dir='ltr'><strong>iusiurandum</strong></span> <span class='ocrx_word' id='word_1_47' title='bbox 1480 1236 1724 1309; x_wconf 87' lang='lat' dir='ltr'><strong>servat,</strong></span> <span class='ocrx_word' id='word_1_48' title='bbox 1772 1226 2008 1312; x_wconf 87' lang='lat' dir='ltr'><strong>quovis</strong></span> <span class='ocrx_word' id='word_1_49' title='bbox 2053 1227 2379 1313; x_wconf 85' lang='lat' dir='ltr'><strong>pervenit.</strong></span> 
     </span>
     <span class='ocr_line' id='line_1_9' title="bbox 805 1327 2336 1416; baseline -0.003 -20"><span class='ocrx_word' id='word_1_50' title='bbox 805 1331 1001 1412; x_wconf 88' lang='lat' dir='ltr'><strong>Quod</strong></span> <span class='ocrx_word' id='word_1_51' title='bbox 1043 1339 1222 1395; x_wconf 90' lang='lat' dir='ltr'><strong>aetas</strong></span> <span class='ocrx_word' id='word_1_52' title='bbox 1268 1330 1505 1395; x_wconf 83' lang='lat' dir='ltr'><strong>vitium</strong></span> <span class='ocrx_word' id='word_1_53' title='bbox 1547 1330 1786 1416; x_wconf 85' lang='lat' dir='ltr'><strong>posuit,</strong></span> <span class='ocrx_word' id='word_1_54' title='bbox 1832 1336 2012 1391; x_wconf 90' lang='lat' dir='ltr'><strong>aetas</strong></span> <span class='ocrx_word' id='word_1_55' title='bbox 2057 1327 2336 1392; x_wconf 82' lang='lat' dir='ltr'><strong>auferet.</strong></span> 
     </span>
     <span class='ocr_line' id='line_1_10' title="bbox 638 1427 2563 1519; baseline -0.003 -21"><span class='ocrx_word' id='word_1_56' title='bbox 638 1441 760 1498; x_wconf 88' lang='lat'><strong>515</strong></span> <span class='ocrx_word' id='word_1_57' title='bbox 808 1432 1297 1519; x_wconf 83' lang='lat' dir='ltr'><strong>Quemcumque</strong></span> <span class='ocrx_word' id='word_1_58' title='bbox 1344 1430 1598 1516; x_wconf 90' lang='lat' dir='ltr'><strong>quaerit</strong></span> <span class='ocrx_word' id='word_1_59' title='bbox 1644 1429 2004 1511; x_wconf 87' lang='lat' dir='ltr'><strong>calamitas,</strong></span> <span class='ocrx_word' id='word_1_60' title='bbox 2051 1427 2245 1492; x_wconf 87' lang='lat' dir='ltr'><strong>facile</strong></span> <span class='ocrx_word' id='word_1_61' title='bbox 2288 1431 2563 1495; x_wconf 89' lang='lat' dir='ltr'><strong>invenit.</strong></span> 
     </span>
     <span class='ocr_line' id='line_1_11' title="bbox 808 1529 2536 1620; baseline -0.003 -21"><span class='ocrx_word' id='word_1_62' title='bbox 808 1534 1004 1615; x_wconf 91' lang='lat' dir='ltr'><strong>Quod</strong></span> <span class='ocrx_word' id='word_1_63' title='bbox 1047 1533 1240 1620; x_wconf 90' lang='lat' dir='ltr'><strong>periit</strong></span> <span class='ocrx_word' id='word_1_64' title='bbox 1285 1533 1511 1618; x_wconf 90' lang='lat' dir='ltr'><strong>quaeri</strong></span> <span class='ocrx_word' id='word_1_65' title='bbox 1554 1541 1727 1619; x_wconf 89' lang='lat' dir='ltr'><strong>pote,</strong></span> <span class='ocrx_word' id='word_1_66' title='bbox 1774 1529 2084 1618; x_wconf 88' lang='lat' dir='ltr'><strong>reprendi</strong></span> <span class='ocrx_word' id='word_1_67' title='bbox 2127 1553 2258 1596; x_wconf 90' lang='lat' dir='ltr'><strong>non</strong></span> <span class='ocrx_word' id='word_1_68' title='bbox 2300 1540 2536 1617; x_wconf 88' lang='lat' dir='ltr'><strong>potest.</strong></span> 
     </span>
     <span class='ocr_line' id='line_1_12' title="bbox 806 1632 2931 1717; baseline -0.001 -18"><span class='ocrx_word' id='word_1_69' title='bbox 806 1636 1022 1716; x_wconf 89' lang='lat' dir='ltr'><strong>Quam</strong></span> <span class='ocrx_word' id='word_1_70' title='bbox 1068 1635 1378 1696; x_wconf 90' lang='lat' dir='ltr'><strong>miserum</strong></span> <span class='ocrx_word' id='word_1_71' title='bbox 1421 1632 1709 1697; x_wconf 87' lang='lat' dir='ltr'><strong>officium</strong></span> <span class='ocrx_word' id='word_1_72' title='bbox 1755 1640 1875 1713; x_wconf 86' lang='lat' dir='ltr'><strong>est,</strong></span> <span class='ocrx_word' id='word_1_73' title='bbox 1924 1633 2096 1717; x_wconf 90' lang='lat' dir='ltr'><strong>quod</strong></span> <span class='ocrx_word' id='word_1_74' title='bbox 2137 1654 2504 1699; x_wconf 87' lang='lat' dir='ltr'><strong>successum</strong></span> <span class='ocrx_word' id='word_1_75' title='bbox 2536 1656 2665 1698; x_wconf 92' lang='lat' dir='ltr'><strong>non</strong></span> <span class='ocrx_word' id='word_1_76' title='bbox 2697 1632 2931 1697; x_wconf 86' lang='lat' dir='ltr'><strong>habet!</strong></span> 
     </span>
     <span class='ocr_line' id='line_1_13' title="bbox 805 1734 2633 1818; baseline -0.001 -18"><span class='ocrx_word' id='word_1_77' title='bbox 805 1735 1023 1816; x_wconf 87' lang='lat' dir='ltr'><strong>Quam</strong></span> <span class='ocrx_word' id='word_1_78' title='bbox 1066 1735 1263 1797; x_wconf 89' lang='lat' dir='ltr'><strong>miser</strong></span> <span class='ocrx_word' id='word_1_79' title='bbox 1307 1744 1427 1816; x_wconf 91' lang='lat' dir='ltr'><strong>est,</strong></span> <span class='ocrx_word' id='word_1_80' title='bbox 1476 1735 1659 1798; x_wconf 92' lang='lat' dir='ltr'><strong>cuius</strong></span> <span class='ocrx_word' id='word_1_81' title='bbox 1706 1735 1964 1818; x_wconf 87' lang='lat' dir='ltr'><strong>ingrata</strong></span> <span class='ocrx_word' id='word_1_82' title='bbox 2008 1743 2107 1798; x_wconf 90' lang='lat' dir='ltr'><strong>est</strong></span> <span class='ocrx_word' id='word_1_83' title='bbox 2150 1734 2633 1800; x_wconf 85' lang='lat' dir='ltr'><strong>misericordia!</strong></span> 
     </span>
     <span class='ocr_line' id='line_1_14' title="bbox 804 1835 2933 1952; baseline 0 -52"><span class='ocrx_word' id='word_1_84' title='bbox 804 1836 1018 1917; x_wconf 90' lang='lat' dir='ltr'><strong>Quam</strong></span> <span class='ocrx_word' id='word_1_85' title='bbox 1062 1837 1370 1899; x_wconf 91' lang='lat' dir='ltr'><strong>miserum</strong></span> <span class='ocrx_word' id='word_1_86' title='bbox 1415 1845 1514 1899; x_wconf 90' lang='lat' dir='ltr'><strong>est</strong></span> <span class='ocrx_word' id='word_1_87' title='bbox 1557 1837 1704 1920; x_wconf 86' lang='lat' dir='ltr'><strong>cogi</strong></span> <span class='ocrx_word' id='word_1_88' title='bbox 1749 1835 2135 1952; x_wconf 88' lang='lat' dir='ltr'><strong>opprimere,</strong></span> <span class='ocrx_word' id='word_1_89' title='bbox 2177 1858 2373 1922; x_wconf 88' lang='lat' dir='ltr'><strong>quem</strong></span> <span class='ocrx_word' id='word_1_90' title='bbox 2419 1836 2675 1902; x_wconf 90' lang='lat' dir='ltr'><strong>salvum</strong></span> <span class='ocrx_word' id='word_1_91' title='bbox 2722 1835 2933 1901; x_wconf 84' lang='lat' dir='ltr'><strong>velis!</strong></span> 
     </span>
     <span class='ocr_line' id='line_1_15' title="bbox 637 1919 2472 2024; baseline -0.001 -20"><span class='ocrx_word' id='word_1_92' title='bbox 637 1919 761 2005; x_wconf 82' lang='lat'><strong>520</strong></span> <span class='ocrx_word' id='word_1_93' title='bbox 807 1939 1016 2020; x_wconf 91' lang='lat' dir='ltr'><strong>Quem</strong></span> <span class='ocrx_word' id='word_1_94' title='bbox 1060 1936 1235 2000; x_wconf 88' lang='lat' dir='ltr'><strong>fama</strong></span> <span class='ocrx_word' id='word_1_95' title='bbox 1279 1936 1480 2000; x_wconf 92' lang='lat' dir='ltr'><strong>semel</strong></span> <span class='ocrx_word' id='word_1_96' title='bbox 1525 1937 1871 2024; x_wconf 84' lang='lat' dir='ltr'><strong>oppressit,</strong></span> <span class='ocrx_word' id='word_1_97' title='bbox 1918 1938 2040 2000; x_wconf 85' lang='lat' dir='ltr'><strong>vix</strong></span> <span class='ocrx_word' id='word_1_98' title='bbox 2082 1938 2472 2002; x_wconf 88' lang='lat' dir='ltr'><strong>restituitur.</strong></span> 
     </span>
     <span class='ocr_line' id='line_1_16' title="bbox 808 2037 2354 2155; baseline -0.002 -50"><span class='ocrx_word' id='word_1_99' title='bbox 808 2038 1006 2120; x_wconf 90' lang='lat' dir='ltr'><strong>Quod</strong></span> <span class='ocrx_word' id='word_1_100' title='bbox 1050 2040 1119 2102; x_wconf 85' lang='lat' dir='ltr'><strong>vi</strong></span> <span class='ocrx_word' id='word_1_101' title='bbox 1164 2038 1504 2124; x_wconf 86' lang='lat' dir='ltr'><strong>contingit,</strong></span> <span class='ocrx_word' id='word_1_102' title='bbox 1555 2039 1673 2102; x_wconf 80' lang='lat' dir='ltr'><strong>vix</strong></span> <span class='ocrx_word' id='word_1_103' title='bbox 1716 2037 2119 2155; x_wconf 84' lang='lat' dir='ltr'><strong>voluptatem</strong></span> <span class='ocrx_word' id='word_1_104' title='bbox 2164 2041 2354 2124; x_wconf 88' lang='lat' dir='ltr'><strong>parit.</strong></span> 
     </span>
     <span class='ocr_line' id='line_1_17' title="bbox 804 2139 2771 2227; baseline -0.002 -22"><span class='ocrx_word' id='word_1_105' title='bbox 804 2141 1019 2222; x_wconf 89' lang='lat' dir='ltr'><strong>Quam</strong></span> <span class='ocrx_word' id='word_1_106' title='bbox 1063 2141 1369 2204; x_wconf 91' lang='lat' dir='ltr'><strong>miserum</strong></span> <span class='ocrx_word' id='word_1_107' title='bbox 1414 2149 1534 2221; x_wconf 93' lang='lat' dir='ltr'><strong>est,</strong></span> <span class='ocrx_word' id='word_1_108' title='bbox 1580 2141 1652 2204; x_wconf 92' lang='lat' dir='ltr'><strong>id</strong></span> <span class='ocrx_word' id='word_1_109' title='bbox 1696 2140 1870 2226; x_wconf 90' lang='lat' dir='ltr'><strong>quod</strong></span> <span class='ocrx_word' id='word_1_110' title='bbox 1915 2141 2107 2227; x_wconf 89' lang='lat' dir='ltr'><strong>pauci</strong></span> <span class='ocrx_word' id='word_1_111' title='bbox 2151 2139 2394 2205; x_wconf 87' lang='lat' dir='ltr'><strong>habent</strong></span> <span class='ocrx_word' id='word_1_112' title='bbox 2436 2141 2771 2206; x_wconf 86' lang='lat' dir='ltr'><strong>amittere!</strong></span> 
     </span>
     <span class='ocr_line' id='line_1_18' title="bbox 809 2240 2562 2328; baseline 0 -23"><span class='ocrx_word' id='word_1_113' title='bbox 809 2243 943 2324; x_wconf 92' lang='lat' dir='ltr'><strong>Qui</strong></span> <span class='ocrx_word' id='word_1_114' title='bbox 986 2243 1054 2305; x_wconf 89' lang='lat' dir='ltr'><strong>in</strong></span> <span class='ocrx_word' id='word_1_115' title='bbox 1100 2264 1256 2305; x_wconf 88' lang='lat' dir='ltr'><strong>vero</strong></span> <span class='ocrx_word' id='word_1_116' title='bbox 1302 2240 1580 2323; x_wconf 86' lang='lat' dir='ltr'><strong>dubitat,</strong></span> <span class='ocrx_word' id='word_1_117' title='bbox 1626 2241 1795 2306; x_wconf 89' lang='lat' dir='ltr'><strong>male</strong></span> <span class='ocrx_word' id='word_1_118' title='bbox 1840 2244 1980 2328; x_wconf 87' lang='lat' dir='ltr'><strong>agit</strong></span> <span class='ocrx_word' id='word_1_119' title='bbox 2024 2263 2173 2305; x_wconf 90' lang='lat' dir='ltr'><strong>cum</strong></span> <span class='ocrx_word' id='word_1_120' title='bbox 2219 2240 2562 2307; x_wconf 90' lang='lat' dir='ltr'><strong>deliberat.</strong></span> 
     </span>
     <span class='ocr_line' id='line_1_19' title="bbox 811 2342 2455 2426; baseline 0 -18"><span class='ocrx_word' id='word_1_121' title='bbox 811 2343 944 2424; x_wconf 91' lang='lat' dir='ltr'><strong>Qui</strong></span> <span class='ocrx_word' id='word_1_122' title='bbox 989 2344 1175 2408; x_wconf 90' lang='lat' dir='ltr'><strong>timet</strong></span> <span class='ocrx_word' id='word_1_123' title='bbox 1217 2345 1517 2426; x_wconf 90' lang='lat' dir='ltr'><strong>amicum,</strong></span> <span class='ocrx_word' id='word_1_124' title='bbox 1563 2345 1812 2408; x_wconf 88' lang='lat' dir='ltr'><strong>amicus</strong></span> <span class='ocrx_word' id='word_1_125' title='bbox 1859 2353 1931 2409; x_wconf 88' lang='lat' dir='ltr'><strong>ut</strong></span> <span class='ocrx_word' id='word_1_126' title='bbox 1973 2345 2200 2408; x_wconf 88' lang='lat' dir='ltr'><strong>timeat</strong></span> <span class='ocrx_word' id='word_1_127' title='bbox 2244 2342 2455 2409; x_wconf 85' lang='lat' dir='ltr'><strong>docet.</strong></span> 
     </span>
     <span class='ocr_line' id='line_1_20' title="bbox 643 2443 2893 2532; baseline -0.001 -22"><span class='ocrx_word' id='word_1_128' title='bbox 643 2454 764 2511; x_wconf 91' lang='grc'><strong>525</strong></span> <span class='ocrx_word' id='word_1_129' title='bbox 814 2444 989 2525; x_wconf 89' lang='lat' dir='ltr'><strong>Quoi</strong></span> <span class='ocrx_word' id='word_1_130' title='bbox 1033 2444 1191 2531; x_wconf 90' lang='lat' dir='ltr'><strong>quid</strong></span> <span class='ocrx_word' id='word_1_131' title='bbox 1236 2443 1712 2526; x_wconf 31' lang='lat' dir='ltr'><strong>vindicandum,</strong></span> <span class='ocrx_word' id='word_1_132' title='bbox 1754 2455 1876 2526; x_wconf 90' lang='lat' dir='ltr'><strong>est,</strong></span> <span class='ocrx_word' id='word_1_133' title='bbox 1923 2447 2130 2511; x_wconf 89' lang='lat' dir='ltr'><strong>omnis</strong></span> <span class='ocrx_word' id='word_1_134' title='bbox 2177 2447 2423 2532; x_wconf 79' lang='lat' dir='ltr'><strong>optima</strong></span> <span class='ocrx_word' id='word_1_135' title='bbox 2469 2455 2567 2510; x_wconf 90' lang='lat' dir='ltr'><strong>est</strong></span> <span class='ocrx_word' id='word_1_136' title='bbox 2612 2447 2893 2511; x_wconf 76' lang='lat' dir='ltr'><strong>occasio.</strong></span> 
     </span>
     <span class='ocr_line' id='line_1_21' title="bbox 814 2546 2893 2634; baseline 0 -25"><span class='ocrx_word' id='word_1_137' title='bbox 814 2546 1031 2627; x_wconf 87' lang='lat' dir='ltr'><strong>Quam</strong></span> <span class='ocrx_word' id='word_1_138' title='bbox 1073 2548 1381 2611; x_wconf 91' lang='lat' dir='ltr'><strong>miserum</strong></span> <span class='ocrx_word' id='word_1_139' title='bbox 1425 2546 1746 2611; x_wconf 85' lang='lat' dir='ltr'><strong>auxilium</strong></span> <span class='ocrx_word' id='word_1_140' title='bbox 1792 2555 1911 2630; x_wconf 91' lang='lat' dir='ltr'><strong>est,</strong></span> <span class='ocrx_word' id='word_1_141' title='bbox 1958 2547 2073 2611; x_wconf 90' lang='lat' dir='ltr'><strong>ubi</strong></span> <span class='ocrx_word' id='word_1_142' title='bbox 2115 2557 2305 2612; x_wconf 89' lang='lat' dir='ltr'><strong>nocet</strong></span> <span class='ocrx_word' id='word_1_143' title='bbox 2352 2547 2529 2634; x_wconf 88' lang='lat' dir='ltr'><strong>quod</strong></span> <span class='ocrx_word' id='word_1_144' title='bbox 2573 2548 2893 2612; x_wconf 84' lang='lat' dir='ltr'><strong>sustinet!</strong></span> 
     </span>
     <span class='ocr_line' id='line_1_22' title="bbox 811 2646 2603 2736; baseline -0.001 -24"><span class='ocrx_word' id='word_1_145' title='bbox 811 2647 945 2728; x_wconf 91' lang='lat' dir='ltr'><strong>Qui</strong></span> <span class='ocrx_word' id='word_1_146' title='bbox 987 2656 1139 2735; x_wconf 89' lang='lat' dir='ltr'><strong>pote</strong></span> <span class='ocrx_word' id='word_1_147' title='bbox 1185 2646 1527 2713; x_wconf 91' lang='lat' dir='ltr'><strong>consilium</strong></span> <span class='ocrx_word' id='word_1_148' title='bbox 1570 2647 1821 2732; x_wconf 83' lang='lat' dir='ltr'><strong>fugere,</strong></span> <span class='ocrx_word' id='word_1_149' title='bbox 1866 2670 2096 2735; x_wconf 89' lang='lat' dir='ltr'><strong>rapere</strong></span> <span class='ocrx_word' id='word_1_150' title='bbox 2141 2648 2318 2713; x_wconf 90' lang='lat' dir='ltr'><strong>idem</strong></span> <span class='ocrx_word' id='word_1_151' title='bbox 2364 2657 2603 2736; x_wconf 88' lang='lat' dir='ltr'><strong>potest.</strong></span> 
     </span>
    </p>
   </div>
   <div class='ocr_carea' id='block_1_3' title="bbox 647 2815 1049 2822">
    <p class='ocr_par' dir='ltr' id='par_1_3' title="bbox 647 2815 1049 2822">
     <span class='ocr_line' id='line_1_23' title="bbox 647 2815 1049 2822; baseline 0 2362"><span class='ocrx_word' id='word_1_152' title='bbox 647 2815 1049 2822; x_wconf 95' lang='lat' dir='ltr'><strong> </strong></span> 
     </span>
    </p>
   </div>
   <div class='ocr_carea' id='block_1_4' title="bbox 650 2905 1641 2981">
    <p class='ocr_par' dir='ltr' id='par_1_4' title="bbox 650 2905 1641 2981">
     <span class='ocr_line' id='line_1_24' title="bbox 650 2905 1641 2981; baseline -0.005 -12"><span class='ocrx_word' id='word_1_153' title='bbox 650 2926 918 2969; x_wconf 69' lang='lat' dir='ltr'><strong>comens</strong></span> <span class='ocrx_word' id='word_1_154' title='bbox 964 2927 1009 2965; x_wconf 88' lang='lat' dir='ltr'><strong>v.</strong></span> <span class='ocrx_word' id='word_1_155' title='bbox 1046 2905 1409 2965; x_wconf 85' lang='lat'>501—568:</span> <span class='ocrx_word' id='word_1_156' title='bbox 1456 2910 1513 2965; x_wconf 99' lang='lat' dir='ltr'><em>F</em></span> <span class='ocrx_word' id='word_1_157' title='bbox 1538 2906 1641 2981; x_wconf 90' lang='lat' dir='ltr'><strong>(T)</strong></span> 
     </span>
    </p>
   </div>
   <div class='ocr_carea' id='block_1_5' title="bbox 642 3043 2946 4136">
    <p class='ocr_par' dir='ltr' id='par_1_5' title="bbox 642 3043 2942 3965">
     <span class='ocr_line' id='line_1_25' title="bbox 814 3043 2938 3117; baseline 0 -16"><span class='ocrx_word' id='word_1_158' title='bbox 814 3045 928 3101; x_wconf 87' lang='grc'><strong>511</strong></span> <span class='ocrx_word' id='word_1_159' title='bbox 981 3047 1126 3100; x_wconf 80' lang='lat' dir='ltr'><strong>iuvat</strong></span> <span class='ocrx_word' id='word_1_160' title='bbox 1167 3044 1426 3117; x_wconf 74' lang='lat' dir='ltr'><strong>Inyolst..·</strong></span> <span class='ocrx_word' id='word_1_161' title='bbox 1469 3045 1609 3099; x_wconf 77' lang='lat' dir='ltr'><strong>vivat</strong></span> <span class='ocrx_word' id='word_1_162' title='bbox 1640 3046 1722 3109; x_wconf 91' lang='lat' dir='ltr'><strong>F,·</strong></span> <span class='ocrx_word' id='word_1_163' title='bbox 1772 3044 1854 3116; x_wconf 82' lang='lat' dir='ltr'><strong>ef.</strong></span> <span class='ocrx_word' id='word_1_164' title='bbox 1899 3063 1948 3101; x_wconf 88' lang='lat' dir='ltr'><strong>v.</strong></span> <span class='ocrx_word' id='word_1_165' title='bbox 1983 3043 2098 3101; x_wconf 87' lang='grc'><strong>572</strong></span> <span class='ocrx_word' id='word_1_166' title='bbox 2285 3044 2406 3101; x_wconf 89' lang='grc'><strong>512</strong></span> <span class='ocrx_word' id='word_1_167' title='bbox 2472 3048 2708 3104; x_wconf 80' lang='lat' dir='ltr'><strong>Versum</strong></span> <span class='ocrx_word' id='word_1_168' title='bbox 2752 3050 2938 3103; x_wconf 85' lang='lat' dir='ltr'><strong>omisit</strong></span> 
     </span>
     <span class='ocr_line' id='line_1_26' title="bbox 644 3126 2940 3206; baseline 0 -20"><span class='ocrx_word' id='word_1_169' title='bbox 644 3133 828 3187; x_wconf 80' lang='lat' dir='ltr'><strong>editor</strong></span> <span class='ocrx_word' id='word_1_170' title='bbox 869 3130 1102 3202; x_wconf 74' lang='lat' dir='ltr'><strong>Inyotst.</strong></span> <span class='ocrx_word' id='word_1_171' title='bbox 1149 3132 1300 3186; x_wconf 84' lang='lat' dir='ltr'><strong>unde</strong></span> <span class='ocrx_word' id='word_1_172' title='bbox 1345 3131 1504 3185; x_wconf 84' lang='lat' dir='ltr'><strong>deest</strong></span> <span class='ocrx_word' id='word_1_173' title='bbox 1543 3133 1601 3185; x_wconf 85' lang='lat' dir='ltr'><strong>in</strong></span> <span class='ocrx_word' id='word_1_174' title='bbox 1647 3130 1905 3186; x_wconf 83' lang='lat' dir='ltr'><strong>omnibus</strong></span> <span class='ocrx_word' id='word_1_175' title='bbox 1949 3131 2311 3186; x_wconf 76' lang='lat' dir='ltr'><strong>editionibus,</strong></span> <span class='ocrx_word' id='word_1_176' title='bbox 2482 3126 2652 3206; x_wconf 83' lang='lat' dir='ltr'><strong>celes]</strong></span> <span class='ocrx_word' id='word_1_177' title='bbox 2702 3133 2774 3187; x_wconf 79' lang='lat' dir='ltr'><strong>de</strong></span> <span class='ocrx_word' id='word_1_178' title='bbox 2804 3148 2940 3188; x_wconf 85' lang='lat' dir='ltr'><strong>eon-</strong></span> 
     </span>
     <span class='ocr_line' id='line_1_27' title="bbox 642 3212 2942 3298; baseline 0 -27"><span class='ocrx_word' id='word_1_179' title='bbox 642 3218 891 3271; x_wconf 85' lang='lat' dir='ltr'><strong>iunctivo</strong></span> <span class='ocrx_word' id='word_1_180' title='bbox 922 3218 979 3270; x_wconf 83' lang='lat' dir='ltr'><strong>in</strong></span> <span class='ocrx_word' id='word_1_181' title='bbox 1011 3215 1267 3270; x_wconf 83' lang='lat' dir='ltr'><strong>secunda</strong></span> <span class='ocrx_word' id='word_1_182' title='bbox 1293 3230 1550 3286; x_wconf 80' lang='lat' dir='ltr'><strong>persona</strong></span> <span class='ocrx_word' id='word_1_183' title='bbox 1584 3215 1668 3286; x_wconf 82' lang='lat' dir='ltr'><strong>ef.</strong></span> <span class='ocrx_word' id='word_1_184' title='bbox 1700 3232 1750 3270; x_wconf 85' lang='lat' dir='ltr'><strong>v.</strong></span> <span class='ocrx_word' id='word_1_185' title='bbox 1788 3213 1911 3270; x_wconf 87' lang='lat'><strong>530</strong></span> <span class='ocrx_word' id='word_1_186' title='bbox 1919 3234 1942 3298; x_wconf 64' lang='lat' dir='ltr'>j</span> <span class='ocrx_word' id='word_1_187' title='bbox 1989 3213 2164 3270; x_wconf 80' lang='lat' dir='ltr'><strong>caeles</strong></span> <span class='ocrx_word' id='word_1_188' title='bbox 2197 3212 2253 3268; x_wconf 88' lang='lat' dir='ltr'><em>F</em></span> <span class='ocrx_word' id='word_1_189' title='bbox 2411 3215 2531 3272; x_wconf 89' lang='lat'><strong>515</strong></span> <span class='ocrx_word' id='word_1_190' title='bbox 2580 3232 2942 3289; x_wconf 85' lang='lat' dir='ltr'><strong>quoscunque</strong></span> 
     </span>
     <span class='ocr_line' id='line_1_28' title="bbox 643 3298 2775 3374; baseline 0 -19"><span class='ocrx_word' id='word_1_191' title='bbox 643 3319 691 3355; x_wconf 83' lang='lat' dir='ltr'><strong>c.</strong></span> <span class='ocrx_word' id='word_1_192' title='bbox 726 3316 779 3373; x_wconf 93' lang='lat' dir='ltr'><strong>q.</strong></span> <span class='ocrx_word' id='word_1_193' title='bbox 811 3298 846 3354; x_wconf 83' lang='lat' dir='ltr'><strong>s.</strong></span> <span class='ocrx_word' id='word_1_194' title='bbox 879 3299 1151 3371; x_wconf 83' lang='lat' dir='ltr'><strong>repperiet</strong></span> <span class='ocrx_word' id='word_1_195' title='bbox 1188 3299 1237 3353; x_wconf 83' lang='lat' dir='ltr'><em>T</em></span> <span class='ocrx_word' id='word_1_196' title='bbox 1402 3298 1523 3355; x_wconf 87' lang='grc'>516</span> <span class='ocrx_word' id='word_1_197' title='bbox 1567 3300 1729 3372; x_wconf 77' lang='lat' dir='ltr'><strong>periit</strong></span> <span class='ocrx_word' id='word_1_198' title='bbox 1761 3304 1816 3354; x_wconf 88' lang='lat' dir='ltr'><strong>et</strong></span> <span class='ocrx_word' id='word_1_199' title='bbox 1844 3307 1973 3372; x_wconf 78' lang='lat' dir='ltr'><strong>pote</strong></span> <span class='ocrx_word' id='word_1_200' title='bbox 2005 3299 2250 3355; x_wconf 80' lang='lat' dir='ltr'><strong>Gruter.-</strong></span> <span class='ocrx_word' id='word_1_201' title='bbox 2298 3302 2472 3374; x_wconf 83' lang='lat' dir='ltr'><strong>perit,</strong></span> <span class='ocrx_word' id='word_1_202' title='bbox 2506 3307 2688 3374; x_wconf 79' lang='lat' dir='ltr'><strong>potest</strong></span> <span class='ocrx_word' id='word_1_203' title='bbox 2717 3301 2775 3356; x_wconf 89' lang='lat' dir='ltr'><em>F</em></span> 
     </span>
     <span class='ocr_line' id='line_1_29' title="bbox 644 3378 2934 3459; baseline 0 -19"><span class='ocrx_word' id='word_1_204' title='bbox 644 3382 898 3457; x_wconf 87' lang='lat' dir='ltr'><strong>reprendi</strong></span> <span class='ocrx_word' id='word_1_205' title='bbox 928 3382 1171 3454; x_wconf 75' lang='lat' dir='ltr'><strong>Inyolst.</strong></span> <span class='ocrx_word' id='word_1_206' title='bbox 1203 3382 1526 3456; x_wconf 84' lang='lat' dir='ltr'><strong>reprehendi</strong></span> <span class='ocrx_word' id='word_1_207' title='bbox 1558 3383 1615 3437; x_wconf 93' lang='lat' dir='ltr'><em>F</em></span> <span class='ocrx_word' id='word_1_208' title='bbox 1766 3378 1903 3459; x_wconf 89' lang='lat' dir='ltr'><strong>non]</strong></span> <span class='ocrx_word' id='word_1_209' title='bbox 1937 3383 2079 3438; x_wconf 80' lang='lat' dir='ltr'><strong>haud</strong></span> <span class='ocrx_word' id='word_1_210' title='bbox 2113 3383 2351 3457; x_wconf 72' lang='lat' dir='ltr'><strong>Inyolst.</strong></span> <span class='ocrx_word' id='word_1_211' title='bbox 2525 3383 2646 3441; x_wconf 84' lang='lat'><strong>517</strong></span> <span class='ocrx_word' id='word_1_212' title='bbox 2694 3383 2934 3441; x_wconf 79' lang='lat' dir='ltr'><strong>officium</strong></span> 
     </span>
     <span class='ocr_line' id='line_1_30' title="bbox 646 3465 2937 3540; baseline 0 -16"><span class='ocrx_word' id='word_1_213' title='bbox 646 3477 728 3524; x_wconf 83' lang='lat' dir='ltr'><strong>est</strong></span> <span class='ocrx_word' id='word_1_214' title='bbox 762 3468 1006 3523; x_wconf 85' lang='lat' dir='ltr'><strong>Gruter.-</strong></span> <span class='ocrx_word' id='word_1_215' title='bbox 1052 3474 1136 3522; x_wconf 83' lang='lat' dir='ltr'><strong>est</strong></span> <span class='ocrx_word' id='word_1_216' title='bbox 1167 3466 1257 3522; x_wconf 77' lang='lat' dir='ltr'><strong>oss&#39;.</strong></span> <span class='ocrx_word' id='word_1_217' title='bbox 1292 3468 1362 3538; x_wconf 88' lang='lat' dir='ltr'><em>F,</em></span> <span class='ocrx_word' id='word_1_218' title='bbox 1408 3465 1646 3523; x_wconf 74' lang='lat' dir='ltr'><strong>officium</strong></span> <span class='ocrx_word' id='word_1_219' title='bbox 1676 3468 1916 3540; x_wconf 75' lang='lat' dir='ltr'><strong>Inqolst.</strong></span> <span class='ocrx_word' id='word_1_220' title='bbox 1960 3469 2032 3523; x_wconf 87' lang='lat' dir='ltr'><strong>At</strong></span> <span class='ocrx_word' id='word_1_221' title='bbox 2063 3469 2147 3540; x_wconf 83' lang='lat' dir='ltr'><strong>ef.</strong></span> <span class='ocrx_word' id='word_1_222' title='bbox 2182 3488 2231 3525; x_wconf 85' lang='lat' dir='ltr'><strong>v.</strong></span> <span class='ocrx_word' id='word_1_223' title='bbox 2267 3468 2405 3526; x_wconf 91' lang='grc'>504.</span> <span class='ocrx_word' id='word_1_224' title='bbox 2440 3469 2579 3526; x_wconf 88' lang='grc'>518.</span> <span class='ocrx_word' id='word_1_225' title='bbox 2615 3469 2758 3526; x_wconf 91' lang='grc'>519.</span> <span class='ocrx_word' id='word_1_226' title='bbox 2794 3468 2937 3525; x_wconf 89' lang='grc'>522.</span> 
     </span>
     <span class='ocr_line' id='line_1_31' title="bbox 645 3550 2940 3627; baseline 0 -18"><span class='ocrx_word' id='word_1_227' title='bbox 645 3553 783 3609; x_wconf 91' lang='grc'>526.</span> <span class='ocrx_word' id='word_1_228' title='bbox 831 3550 970 3609; x_wconf 88' lang='grc'>546.</span> <span class='ocrx_word' id='word_1_229' title='bbox 1018 3550 1158 3608; x_wconf 91' lang='grc'>549.</span> <span class='ocrx_word' id='word_1_230' title='bbox 1207 3551 1345 3609; x_wconf 88' lang='grc'>555.</span> <span class='ocrx_word' id='word_1_231' title='bbox 1382 3551 1523 3609; x_wconf 88' lang='grc'>560.</span> <span class='ocrx_word' id='word_1_232' title='bbox 1561 3550 1703 3608; x_wconf 88' lang='grc'>562.</span> <span class='ocrx_word' id='word_1_233' title='bbox 1906 3551 2027 3608; x_wconf 88' lang='grc'><strong>518</strong></span> <span class='ocrx_word' id='word_1_234' title='bbox 2075 3554 2237 3609; x_wconf 88' lang='lat' dir='ltr'><strong>miser</strong></span> <span class='ocrx_word' id='word_1_235' title='bbox 2277 3552 2537 3627; x_wconf 73' lang='lat' dir='ltr'><strong>Inyolst..·</strong></span> <span class='ocrx_word' id='word_1_236' title='bbox 2579 3556 2834 3610; x_wconf 89' lang='lat' dir='ltr'><strong>miserum</strong></span> <span class='ocrx_word' id='word_1_237' title='bbox 2868 3556 2940 3625; x_wconf 97' lang='lat' dir='ltr'><em>F,</em></span> 
     </span>
     <span class='ocr_line' id='line_1_32' title="bbox 646 3636 2769 3712; baseline 0.001 -19"><span class='ocrx_word' id='word_1_238' title='bbox 646 3643 984 3709; x_wconf 82' lang='lat' dir='ltr'><strong>corruptum</strong></span> <span class='ocrx_word' id='word_1_239' title='bbox 1015 3654 1095 3693; x_wconf 76' lang='lat' dir='ltr'><strong>ex</strong></span> <span class='ocrx_word' id='word_1_240' title='bbox 1124 3656 1173 3693; x_wconf 87' lang='lat' dir='ltr'><strong>v.</strong></span> <span class='ocrx_word' id='word_1_241' title='bbox 1209 3636 1330 3694; x_wconf 84' lang='lat'><strong>519</strong></span> <span class='ocrx_word' id='word_1_242' title='bbox 1532 3637 1618 3693; x_wconf 88' lang='lat' dir='ltr'><strong>cui</strong></span> <span class='ocrx_word' id='word_1_243' title='bbox 1652 3637 1868 3693; x_wconf 80' lang='lat' dir='ltr'><strong>Gruter</strong></span> <span class='ocrx_word' id='word_1_244' title='bbox 2066 3639 2187 3694; x_wconf 81' lang='lat' dir='ltr'><strong>mis,</strong></span> <span class='ocrx_word' id='word_1_245' title='bbox 2221 3645 2306 3694; x_wconf 81' lang='lat' dir='ltr'><strong>est</strong></span> <span class='ocrx_word' id='word_1_246' title='bbox 2338 3637 2570 3712; x_wconf 76' lang='lat' dir='ltr'><strong>Inyotst.</strong></span> <span class='ocrx_word' id='word_1_247' title='bbox 2603 3641 2769 3712; x_wconf 76' lang='lat' dir='ltr'><strong>vutyo</strong></span> 
     </span>
     <span class='ocr_line' id='line_1_33' title="bbox 646 3718 2930 3797; baseline 0 -19"><span class='ocrx_word' id='word_1_248' title='bbox 646 3721 767 3778; x_wconf 91' lang='grc'><strong>519</strong></span> <span class='ocrx_word' id='word_1_249' title='bbox 815 3738 973 3794; x_wconf 88' lang='lat' dir='ltr'><strong>quem</strong></span> <span class='ocrx_word' id='word_1_250' title='bbox 1005 3721 1263 3794; x_wconf 75' lang='lat' dir='ltr'><strong>Inyolst..·</strong></span> <span class='ocrx_word' id='word_1_251' title='bbox 1296 3739 1454 3795; x_wconf 76' lang='lat' dir='ltr'><strong>quam</strong></span> <span class='ocrx_word' id='word_1_252' title='bbox 1486 3723 1543 3778; x_wconf 98' lang='lat' dir='ltr'><em>F</em></span> <span class='ocrx_word' id='word_1_253' title='bbox 1555 3746 1572 3785; x_wconf 92' lang='lat'><strong>,·</strong></span> <span class='ocrx_word' id='word_1_254' title='bbox 1617 3723 1698 3795; x_wconf 84' lang='lat' dir='ltr'><strong>ef.</strong></span> <span class='ocrx_word' id='word_1_255' title='bbox 1737 3740 1781 3778; x_wconf 86' lang='lat' dir='ltr'><strong>v.</strong></span> <span class='ocrx_word' id='word_1_256' title='bbox 1817 3720 1939 3778; x_wconf 87' lang='grc'><strong>359</strong></span> <span class='ocrx_word' id='word_1_257' title='bbox 2102 3721 2222 3778; x_wconf 87' lang='grc'><strong>521</strong></span> <span class='ocrx_word' id='word_1_258' title='bbox 2270 3718 2305 3756; x_wconf 79' lang='grc'><em>*</em></span> <span class='ocrx_word' id='word_1_259' title='bbox 2338 3725 2386 3779; x_wconf 84' lang='grc' dir='ltr'>νί</span> <span class='ocrx_word' id='word_1_260' title='bbox 2416 3724 2687 3797; x_wconf 81' lang='lat' dir='ltr'><strong>contingit</strong></span> <span class='ocrx_word' id='word_1_261' title='bbox 2718 3725 2831 3779; x_wconf 82' lang='lat' dir='ltr'><strong>vix:</strong></span> <span class='ocrx_word' id='word_1_262' title='bbox 2880 3725 2930 3779; x_wconf 84' lang='lat' dir='ltr'><strong>vi</strong></span> 
     </span>
     <span class='ocr_line' id='line_1_34' title="bbox 647 3806 2939 3882; baseline 0 -20"><span class='ocrx_word' id='word_1_263' title='bbox 647 3807 984 3879; x_wconf 77' lang='lat' dir='ltr'><strong>contingitur</strong></span> <span class='ocrx_word' id='word_1_264' title='bbox 1014 3806 1084 3876; x_wconf 85' lang='lat' dir='ltr'><em>F,</em></span> <span class='ocrx_word' id='word_1_265' title='bbox 1117 3810 1268 3862; x_wconf 82' lang='lat' dir='ltr'><strong>mula</strong></span> <span class='ocrx_word' id='word_1_266' title='bbox 1302 3822 1574 3877; x_wconf 84' lang='lat' dir='ltr'><strong>caesura,</strong></span> <span class='ocrx_word' id='word_1_267' title='bbox 1607 3808 1693 3862; x_wconf 78' lang='lat' dir='ltr'><strong>vix</strong></span> <span class='ocrx_word' id='word_1_268' title='bbox 1723 3807 2016 3881; x_wconf 77' lang='lat' dir='ltr'><strong>contingit,</strong></span> <span class='ocrx_word' id='word_1_269' title='bbox 2049 3807 2132 3861; x_wconf 75' lang='lat' dir='ltr'><strong>vix</strong></span> <span class='ocrx_word' id='word_1_270' title='bbox 2166 3808 2397 3878; x_wconf 85' lang='lat' dir='ltr'><strong>Gruter,</strong></span> <span class='ocrx_word' id='word_1_271' title='bbox 2432 3809 2513 3863; x_wconf 73' lang='lat' dir='ltr'><strong>vix</strong></span> <span class='ocrx_word' id='word_1_272' title='bbox 2545 3809 2840 3882; x_wconf 77' lang='lat' dir='ltr'><strong>contingit,</strong></span> <span class='ocrx_word' id='word_1_273' title='bbox 2877 3816 2939 3864; x_wconf 82' lang='grc' dir='ltr'><strong>ιιι</strong></span> 
     </span>
     <span class='ocr_line' id='line_1_35' title="bbox 648 3889 2767 3965; baseline 0.002 -21"><span class='ocrx_word' id='word_1_274' title='bbox 648 3891 920 3960; x_wconf 76' lang='lat' dir='ltr'><strong>Botlzius,</strong></span> <span class='ocrx_word' id='word_1_275' title='bbox 965 3891 1046 3945; x_wconf 83' lang='lat' dir='ltr'><strong>vix</strong></span> <span class='ocrx_word' id='word_1_276' title='bbox 1078 3891 1347 3961; x_wconf 78' lang='lat' dir='ltr'><strong>contingit</strong></span> <span class='ocrx_word' id='word_1_277' title='bbox 1394 3907 1552 3963; x_wconf 83' lang='lat' dir='ltr'><strong>quam</strong></span> <span class='ocrx_word' id='word_1_278' title='bbox 1597 3895 1745 3948; x_wconf 83' lang='lat' dir='ltr'><strong>coni.</strong></span> <span class='ocrx_word' id='word_1_279' title='bbox 1775 3893 1829 3947; x_wconf 88' lang='lat' dir='ltr'><strong>J.</strong></span> <span class='ocrx_word' id='word_1_280' title='bbox 1869 3889 2037 3963; x_wconf 84' lang='lat' dir='ltr'><strong>Casp.</strong></span> <span class='ocrx_word' id='word_1_281' title='bbox 2076 3891 2345 3949; x_wconf 78' lang='lat' dir='ltr'><strong>OrelliuS.</strong></span> <span class='ocrx_word' id='word_1_282' title='bbox 2391 3943 2396 3948; x_wconf 86' lang='grc'><strong><em>,</em></strong></span> <span class='ocrx_word' id='word_1_283' title='bbox 2436 3892 2527 3965; x_wconf 82' lang='lat' dir='ltr'><strong>Cf.</strong></span> <span class='ocrx_word' id='word_1_284' title='bbox 2562 3912 2610 3952; x_wconf 85' lang='lat' dir='ltr'><strong>v.</strong></span> <span class='ocrx_word' id='word_1_285' title='bbox 2645 3892 2767 3950; x_wconf 87' lang='lat'><strong>365</strong></span> 
     </span>
    </p>

    <p class='ocr_par' dir='ltr' id='par_1_6' title="bbox 648 3970 2946 4136">
     <span class='ocr_line' id='line_1_36' title="bbox 815 3970 2946 4051; baseline 0.001 -20"><span class='ocrx_word' id='word_1_286' title='bbox 815 3972 937 4031; x_wconf 82' lang='lat'><strong>524</strong></span> <span class='ocrx_word' id='word_1_287' title='bbox 986 3975 1073 4047; x_wconf 83' lang='lat' dir='ltr'><strong>Cf.</strong></span> <span class='ocrx_word' id='word_1_288' title='bbox 1110 3993 1158 4030; x_wconf 84' lang='lat' dir='ltr'><strong>v.</strong></span> <span class='ocrx_word' id='word_1_289' title='bbox 1191 3972 1314 4031; x_wconf 87' lang='grc'><strong>540</strong></span> <span class='ocrx_word' id='word_1_290' title='bbox 1485 3970 1673 4051; x_wconf 79' lang='lat' dir='ltr'><strong>docet]</strong></span> <span class='ocrx_word' id='word_1_291' title='bbox 1709 3975 1831 4031; x_wconf 78' lang='lat' dir='ltr'><strong>facit</strong></span> <span class='ocrx_word' id='word_1_292' title='bbox 1865 3977 2050 4033; x_wconf 80' lang='lat' dir='ltr'><strong>Bothe</strong></span> <span class='ocrx_word' id='word_1_293' title='bbox 2221 3975 2342 4033; x_wconf 91' lang='grc'><strong>525</strong></span> <span class='ocrx_word' id='word_1_294' title='bbox 2389 3976 2527 4044; x_wconf 88' lang='lat' dir='ltr'><strong>Quoi</strong></span> <span class='ocrx_word' id='word_1_295' title='bbox 2559 3977 2689 4051; x_wconf 85' lang='lat' dir='ltr'><strong>quid</strong></span> <span class='ocrx_word' id='word_1_296' title='bbox 2722 3981 2946 4048; x_wconf 81' lang='lat' dir='ltr'><strong>scripsi</strong></span> 
     </span>
     <span class='ocr_line' id='line_1_37' title="bbox 648 4059 2942 4136; baseline 0 -20"><span class='ocrx_word' id='word_1_297' title='bbox 648 4076 775 4116; x_wconf 88' lang='lat' dir='ltr'><strong>cum</strong></span> <span class='ocrx_word' id='word_1_298' title='bbox 806 4059 1140 4130; x_wconf 78' lang='lat' dir='ltr'><strong>Ribbeekio,</strong></span> <span class='ocrx_word' id='word_1_299' title='bbox 1172 4075 1242 4113; x_wconf 85' lang='lat' dir='ltr'><strong>ne</strong></span> <span class='ocrx_word' id='word_1_300' title='bbox 1276 4075 1478 4115; x_wconf 85' lang='lat' dir='ltr'><strong>versus</strong></span> <span class='ocrx_word' id='word_1_301' title='bbox 1504 4062 1632 4116; x_wconf 87' lang='lat' dir='ltr'><strong>loeo</strong></span> <span class='ocrx_word' id='word_1_302' title='bbox 1665 4067 2018 4118; x_wconf 85' lang='lat' dir='ltr'><strong>moveretur.-</strong></span> <span class='ocrx_word' id='word_1_303' title='bbox 2049 4060 2304 4135; x_wconf 83' lang='lat' dir='ltr'><strong>quicquid</strong></span> <span class='ocrx_word' id='word_1_304' title='bbox 2336 4063 2406 4132; x_wconf 94' lang='lat' dir='ltr'><em>F,</em></span> <span class='ocrx_word' id='word_1_305' title='bbox 2437 4063 2524 4117; x_wconf 86' lang='lat' dir='ltr'><strong>cui</strong></span> <span class='ocrx_word' id='word_1_306' title='bbox 2556 4062 2684 4136; x_wconf 86' lang='lat' dir='ltr'><strong>quid</strong></span> <span class='ocrx_word' id='word_1_307' title='bbox 2717 4062 2942 4119; x_wconf 83' lang='lat' dir='ltr'><strong>Gruter</strong></span> 
     </span>
    </p>
   </div>
   <div class='ocr_carea' id='block_1_6' title="bbox 649 4144 2943 4389">
    <p class='ocr_par' dir='ltr' id='par_1_7' title="bbox 649 4144 2943 4389">
     <span class='ocr_line' id='line_1_38' title="bbox 817 4144 2943 4220; baseline 0.002 -20"><span class='ocrx_word' id='word_1_308' title='bbox 817 4145 989 4200; x_wconf 87' lang='lat' dir='ltr'><strong>omnis</strong></span> <span class='ocrx_word' id='word_1_309' title='bbox 1034 4144 1279 4200; x_wconf 82' lang='lat' dir='ltr'><strong>Gruter.-</strong></span> <span class='ocrx_word' id='word_1_310' title='bbox 1321 4163 1423 4200; x_wconf 88' lang='lat' dir='ltr'><strong>om.</strong></span> <span class='ocrx_word' id='word_1_311' title='bbox 1457 4145 1514 4199; x_wconf 88' lang='lat' dir='ltr'><em>F</em></span> <span class='ocrx_word' id='word_1_312' title='bbox 1680 4146 1894 4201; x_wconf 80' lang='lat' dir='ltr'><strong>occasio</strong></span> <span class='ocrx_word' id='word_1_313' title='bbox 1939 4154 2023 4201; x_wconf 84' lang='lat' dir='ltr'><strong>est</strong></span> <span class='ocrx_word' id='word_1_314' title='bbox 2053 4145 2289 4220; x_wconf 75' lang='lat' dir='ltr'><strong>Inyotst.</strong></span> <span class='ocrx_word' id='word_1_315' title='bbox 2338 4163 2389 4202; x_wconf 91' lang='lat' dir='ltr'><strong>o.</strong></span> <span class='ocrx_word' id='word_1_316' title='bbox 2437 4147 2485 4202; x_wconf 88' lang='lat' dir='ltr'><strong>ei</strong></span> <span class='ocrx_word' id='word_1_317' title='bbox 2528 4163 2642 4203; x_wconf 89' lang='lat' dir='ltr'><strong>occ.</strong></span> <span class='ocrx_word' id='word_1_318' title='bbox 2689 4155 2773 4202; x_wconf 81' lang='lat' dir='ltr'><strong>est</strong></span> <span class='ocrx_word' id='word_1_319' title='bbox 2804 4148 2943 4204; x_wconf 83' lang='lat' dir='ltr'><strong>Rib-</strong></span> 
     </span>
     <span class='ocr_line' id='line_1_39' title="bbox 649 4228 2938 4304; baseline 0.001 -19"><span class='ocrx_word' id='word_1_320' title='bbox 649 4230 914 4299; x_wconf 76' lang='lat' dir='ltr'><strong>beelciuS,</strong></span> <span class='ocrx_word' id='word_1_321' title='bbox 960 4245 1012 4284; x_wconf 94' lang='lat' dir='ltr'><strong>o.</strong></span> <span class='ocrx_word' id='word_1_322' title='bbox 1046 4228 1121 4284; x_wconf 88' lang='lat' dir='ltr'><strong>illi</strong></span> <span class='ocrx_word' id='word_1_323' title='bbox 1167 4244 1279 4284; x_wconf 82' lang='lat' dir='ltr'><strong>occ.</strong></span> <span class='ocrx_word' id='word_1_324' title='bbox 1317 4238 1400 4284; x_wconf 83' lang='lat' dir='ltr'><strong>est</strong></span> <span class='ocrx_word' id='word_1_325' title='bbox 1438 4229 1497 4284; x_wconf 87' lang='lat' dir='ltr'><strong>T.</strong></span> <span class='ocrx_word' id='word_1_326' title='bbox 1528 4230 1729 4285; x_wconf 85' lang='lat' dir='ltr'><strong>Faber</strong></span> <span class='ocrx_word' id='word_1_327' title='bbox 1929 4229 2051 4286; x_wconf 88' lang='grc'><strong>526</strong></span> <span class='ocrx_word' id='word_1_328' title='bbox 2102 4229 2188 4304; x_wconf 84' lang='lat' dir='ltr'><strong>Cf.</strong></span> <span class='ocrx_word' id='word_1_329' title='bbox 2224 4249 2273 4287; x_wconf 86' lang='lat' dir='ltr'><strong>v.</strong></span> <span class='ocrx_word' id='word_1_330' title='bbox 2308 4230 2430 4287; x_wconf 89' lang='lat'><strong>555</strong></span> <span class='ocrx_word' id='word_1_331' title='bbox 2633 4230 2754 4287; x_wconf 85' lang='grc'><strong>527</strong></span> <span class='ocrx_word' id='word_1_332' title='bbox 2806 4240 2938 4304; x_wconf 79' lang='lat' dir='ltr'><strong>pote</strong></span> 
     </span>
     <span class='ocr_line' id='line_1_40' title="bbox 652 4310 2941 4389; baseline 0 -19"><span class='ocrx_word' id='word_1_333' title='bbox 652 4317 895 4370; x_wconf 84' lang='lat' dir='ltr'><strong>Gruter.-</strong></span> <span class='ocrx_word' id='word_1_334' title='bbox 925 4321 1109 4386; x_wconf 79' lang='lat' dir='ltr'><strong>potest</strong></span> <span class='ocrx_word' id='word_1_335' title='bbox 1140 4315 1194 4369; x_wconf 86' lang='lat' dir='ltr'><em>F</em></span> <span class='ocrx_word' id='word_1_336' title='bbox 1372 4312 1599 4370; x_wconf 86' lang='lat' dir='ltr'><strong>consilio</strong></span> <span class='ocrx_word' id='word_1_337' title='bbox 1633 4313 1812 4370; x_wconf 79' lang='lat' dir='ltr'><strong>furere</strong></span> <span class='ocrx_word' id='word_1_338' title='bbox 1845 4316 2027 4371; x_wconf 74' lang='lat' dir='ltr'><strong>Bothe</strong></span> <span class='ocrx_word' id='word_1_339' title='bbox 2210 4310 2244 4349; x_wconf 68' lang='lat'><strong>&#39;³‘</strong></span> <span class='ocrx_word' id='word_1_340' title='bbox 2276 4332 2491 4389; x_wconf 80' lang='lat' dir='ltr'><strong>rapere:</strong></span> <span class='ocrx_word' id='word_1_341' title='bbox 2523 4331 2714 4389; x_wconf 80' lang='lat' dir='ltr'><strong>sapere</strong></span> <span class='ocrx_word' id='word_1_342' title='bbox 2748 4318 2819 4387; x_wconf 88' lang='lat' dir='ltr'><strong>F,</strong></span> <span class='ocrx_word' id='word_1_343' title='bbox 2852 4334 2941 4372; x_wconf 78' lang='lat' dir='ltr'><strong>ca-</strong></span> 
     </span>
    </p>
   </div>
   <div class='ocr_carea' id='block_1_7' title="bbox 650 4398 2944 4558">
    <p class='ocr_par' dir='ltr' id='par_1_8' title="bbox 650 4398 2944 4558">
     <span class='ocr_line' id='line_1_41' title="bbox 650 4398 2944 4474; baseline 0.001 -21"><span class='ocrx_word' id='word_1_344' title='bbox 650 4415 776 4471; x_wconf 86' lang='lat' dir='ltr'><strong>pere</strong></span> <span class='ocrx_word' id='word_1_345' title='bbox 807 4402 952 4454; x_wconf 81' lang='lat' dir='ltr'><strong>eoni.</strong></span> <span class='ocrx_word' id='word_1_346' title='bbox 991 4399 1220 4455; x_wconf 82' lang='lat' dir='ltr'><strong>Gruter.</strong></span> <span class='ocrx_word' id='word_1_347' title='bbox 1312 4399 1400 4471; x_wconf 83' lang='lat' dir='ltr'><strong>Cf.</strong></span> <span class='ocrx_word' id='word_1_348' title='bbox 1431 4400 1549 4455; x_wconf 81' lang='lat' dir='ltr'><strong>Jut.</strong></span> <span class='ocrx_word' id='word_1_349' title='bbox 1584 4399 1825 4470; x_wconf 80' lang='lat' dir='ltr'><strong>Capitol.</strong></span> <span class='ocrx_word' id='word_1_350' title='bbox 1860 4398 2030 4459; x_wconf 77' lang='lat' dir='ltr'><strong>Max.</strong></span> <span class='ocrx_word' id='word_1_351' title='bbox 2066 4407 2120 4457; x_wconf 87' lang='lat' dir='ltr'><strong>et</strong></span> <span class='ocrx_word' id='word_1_352' title='bbox 2155 4400 2321 4456; x_wconf 75' lang='lat' dir='ltr'><strong>Ball).</strong></span> <span class='ocrx_word' id='word_1_353' title='bbox 2356 4399 2391 4455; x_wconf 88' lang='grc'>2</span> <span class='ocrx_word' id='word_1_354' title='bbox 2438 4399 2686 4456; x_wconf 74' lang='lat' dir='ltr'><strong>‘consilia</strong></span> <span class='ocrx_word' id='word_1_355' title='bbox 2730 4402 2944 4474; x_wconf 81' lang='lat' dir='ltr'><strong>rapien-</strong></span> 
     </span>
     <span class='ocr_line' id='line_1_42' title="bbox 650 4482 2941 4558; baseline 0.002 -22"><span class='ocrx_word' id='word_1_356' title='bbox 650 4482 744 4551; x_wconf 78' lang='lat' dir='ltr'><strong>da,</strong></span> <span class='ocrx_word' id='word_1_357' title='bbox 789 4499 896 4537; x_wconf 86' lang='lat' dir='ltr'><strong>uon</strong></span> <span class='ocrx_word' id='word_1_358' title='bbox 943 4483 1289 4555; x_wconf 81' lang='lat' dir='ltr'><strong>quaerenda’,</strong></span> <span class='ocrx_word' id='word_1_359' title='bbox 1335 4485 1502 4540; x_wconf 82' lang='lat' dir='ltr'><strong>Cccee.</strong></span> <span class='ocrx_word' id='word_1_360' title='bbox 1552 4485 1718 4540; x_wconf 82' lang='lat' dir='ltr'><strong>Balb.</strong></span> <span class='ocrx_word' id='word_1_361' title='bbox 1751 4483 1908 4541; x_wconf 80' lang='lat' dir='ltr'><strong>Mon.</strong></span> <span class='ocrx_word' id='word_1_362' title='bbox 1947 4485 2057 4556; x_wconf 82' lang='lat'><strong>29,</strong></span> <span class='ocrx_word' id='word_1_363' title='bbox 2092 4485 2127 4539; x_wconf 91' lang='grc'><strong>2</strong></span> <span class='ocrx_word' id='word_1_364' title='bbox 2166 4503 2264 4558; x_wconf 72' lang='lat' dir='ltr'><strong>pq.</strong></span> <span class='ocrx_word' id='word_1_365' title='bbox 2301 4483 2378 4542; x_wconf 90' lang='grc'><strong>29</strong></span> <span class='ocrx_word' id='word_1_366' title='bbox 2424 4483 2786 4541; x_wconf 78' lang='lat' dir='ltr'><strong>‘occasionem</strong></span> <span class='ocrx_word' id='word_1_367' title='bbox 2831 4503 2941 4542; x_wconf 86' lang='lat' dir='ltr'><strong>uon</strong></span> 
     </span>
    </p>
   </div>
  </div>
 </body>
</html>
