3209 5184
915 500 1228 547 rnssmnn
1272 501 1429 549 SYRI
1474 500 1931 549 SENTENTIAE.
2480 490 2563 554 85

435 653 724 717 Lucrum
767 653 909 716 sine
954 652 1191 717 damno
1235 653 1502 718 alterius
1548 654 1690 718 fieri
1734 676 1865 718 non
1907 664 2146 741 potest.

434 754 747 818 Lascivia
776 762 856 824 *et
898 754 1040 818 laus
1083 776 1435 841 numquam
1478 755 1723 820 habent
1766 751 2204 820 concordiam.

435 857 685 941 Legem
726 876 968 920 nocens
1014 865 1294 937 veretur,
1340 855 1667 922 fortunam
1712 849 2047 922 innocens.

267 966 396 1025 300
440 959 702 1041 Libido,
748 980 880 1023 non
920 957 1240 1022 iudicium
1284 967 1382 1022 est
1426 958 1599 1043 quod
1645 957 1879 1022 levitas
1925 959 2120 1046 sapit.

432 1059 675 1126 Libido
721 1067 989 1124 cunctos
1013 1050 1234 1124 ‘etiam
1279 1059 1400 1125 sub
1446 1060 1637 1125 vultu
1682 1059 1923 1125 domat.

432 1162 896 1248 Longinquum
940 1170 1039 1225 est
1083 1182 1293 1243 omne,
1342 1161 1516 1248 quod
1561 1161 1889 1248 cupiditas
1932 1162 2210 1248 flagitat.
2303 1209 2304 1212 η

432 1264 689 1350 Lapsus
734 1261 935 1327 semel
978 1263 1051 1326 fit
1095 1259 1308 1349 culpa,
1355 1264 1411 1327 si
1454 1264 1692 1328 iterum
1737 1263 2075 1329 cecideris.

431 1366 578 1430 Lex
621 1364 802 1429 videt
843 1366 1104 1445 iratum,
1151 1366 1358 1429 iratus
1397 1363 1611 1450 legem
1654 1387 1785 1431 non
1827 1364 2033 1430 sidet.

259 1476 382 1532 305
433 1467 712 1553 (Legem
755 1464 920 1530 solet
964 1464 1267 1530 oblivisci
1309 1466 1709 1551 iracundia.)
2109 1465 2116 1468 “

431 1568 625 1633 Locis
669 1569 934 1632 remotis
981 1567 1093 1653 qui
1137 1566 1318 1650 latet,
1364 1566 1475 1631 lex
1518 1578 1619 1633 est
1663 1569 1814 1633 sibi.

434 1670 598 1734 Late
642 1667 857 1733 lucere
899 1671 1069 1754 ignis
1115 1668 1282 1733 nihil
1326 1678 1399 1732 ut
1441 1679 1612 1753 urat,
1657 1677 1894 1757 potest.

435 1772 798 1836 Licentiam
841 1769 957 1834 des
1001 1770 1287 1855 linguae,
1335 1792 1484 1835 cum
1526 1792 1756 1834 verum
1801 1779 2008 1857 petaS.

433 1872 758 1958 Malignos
803 1872 943 1935 fieri
988 1873 1270 1936 maxime
1313 1873 1556 1957 ingrati
1601 1872 1858 1938 docent.

258 1985 386 2042 310
432 1973 662 2039 Multis
707 1969 1013 2056 minatur,
1061 1975 1174 2060 qui
1216 1975 1328 2038 uni
1372 1973 1532 2039 facit
1573 1961 1899 2039 iniuriam.

433 2076 620 2142 Mora
664 2077 871 2142 omnis
917 2074 1066 2141 odio
1111 2085 1231 2157 est,
1277 2074 1394 2139 sed
1438 2075 1597 2140 facit
1641 2069 2049 2163 sapientiam.

433 2177 610 2241 Mala
652 2199 850 2241 causa
893 2187 1011 2260 est,
1058 2198 1225 2264 quae
1265 2178 1540 2263 requirit
1582 2176 2119 2242 misericordiam.

434 2279 604 2344 Mori
649 2288 748 2344 est
790 2279 1023 2363 felicis,
1067 2288 1413 2365 antequam
1457 2288 1732 2344 mortem
1773 2280 2058 2344 invocet.

259 2610 532 2652 comens
577 2612 627 2649 v.
664 2563 1028 2650 2974301:
1058 2589 1465 2664 PRF(TEO),
1511 2610 1560 2649 v.
1594 2592 1960 2652 302—308:
1998 2594 2069 2666 F,
2101 2611 2150 2651 v.
2184 2593 2550 2664 soe-3402

668 2677 833 2734 PRF
857 2675 1050 2749 (TEC)

256 2848 423 2905 spec.
465 2838 587 2887 nat.
632 2830 746 2901 31,
791 2829 946 2901 101,
989 2830 1222 2885 universi
1264 2831 1550 2887 Erasmus
1759 2839 1845 2887 est
1887 2850 1990 2888 om.
2032 2833 2093 2890 F
2303 2831 2456 2889 iubet
2497 2842 2553 2890 et

257 2936 315 2973 n.
365 2918 525 2973 Vinc.
747 2913 867 2970 297
921 2914 1068 2970 TEC
1117 2914 1278 2971 Vinc.
1321 2915 1472 2972 Bell.
1520 2933 1609 2987 sp.
1651 2917 1700 2972 d.
1746 2914 1818 2987 4,
1866 2916 1983 2974 146
2188 2933 2261 2990 po
2296 2957 2309 2972 .
2344 2956 2358 2972 .
2392 2957 2406 2971 .
2437 2919 2550 2989 Pa,

258 3005 473 3059 ultimis
520 3003 729 3058 litteris
782 3001 1067 3070 evanidis,
1130 3006 1325 3073 potens
1350 2991 1474 3057 *Pb.
1577 2999 1666 3071 Cf.
1712 3001 1935 3058 Seneca
1989 3004 2061 3058 de
2110 3004 2205 3057 ira
2254 3001 2323 3073 2,
2365 3002 2436 3074 8,
2481 3002 2549 3072 23

256 3088 650 3157 Ritsclzelius,
694 3100 896 3157 opusc.
930 3086 1037 3140 vol.
1073 3083 1133 3156 2,
1166 3084 1286 3141 666
1503 3085 1625 3142 298
1672 3086 1774 3142 EC
1816 3087 1973 3143 Vinc.
2006 3087 2157 3143 Bell.
2201 3101 2359 3159 spec.
2400 3089 2550 3143 doct.

254 3171 319 3243 4,
355 3170 475 3228 159
660 3169 775 3225 laus
805 3176 861 3224 et
890 3167 1017 3224 lasc.
1069 3169 1226 3226 Vinc.
1423 3170 1546 3228 300
1587 3169 1754 3227 libido
1785 3187 1897 3226 non
1926 3174 1984 3229 F
1995 3197 2011 3226 .·
2053 3169 2218 3226 libido
2251 3170 2381 3240 PR,
2414 3170 2549 3246 libi-2

254 3257 367 3312 dini
391 3259 529 3325 olim
560 3258 800 3325 conieci,
830 3252 995 3312 libido
1025 3254 1279 3310 indicium
1310 3263 1395 3311 est
1423 3256 1537 3311 cius
1569 3272 1621 3329 q.
1653 3255 1691 3310 1.
1723 3273 1769 3312 s,
1802 3257 2093 3314 Pithoeus.
2254 3256 2374 3314 301
2422 3257 2532 3312 cin·

254 3349 379 3397 ctos
412 3341 734 3397 Salmasius
776 3340 855 3395 ad
887 3338 1062 3394 Solin.
1097 3357 1161 3411 p.
1196 3338 1276 3396 46
1481 3340 1733 3414 dampnat
1764 3343 1821 3398 F
1969 3383 1976 3386 -
2027 3340 2150 3398 302
2197 3341 2426 3416 longum
2466 3350 2552 3398 est

254 3426 404 3499 quod
437 3425 561 3496 flag.
595 3441 719 3498 cup.
750 3426 822 3496 F,
855 3425 1070 3478 emend.
1105 3425 1338 3481 Gruter.
1429 3424 1518 3497 Cf.
1550 3444 1600 3482 v.
1637 3424 1755 3483 149
1970 3426 2091 3484 305
2155 3427 2391 3483 Videtur
2421 3442 2548 3483 esse

252 3514 828 3582 interpretamentum
871 3524 1074 3564 versus
1100 3513 1366 3580 proxime
1398 3513 1791 3568 antecedentis
1962 3511 2265 3568 obliviscier
2297 3512 2514 3568 Gruter
2525 3535 2544 3575 ,-

254 3594 501 3651 oblivisci
540 3594 701 3650 solita
742 3602 826 3649 est
871 3592 1058 3648 Bothe
1271 3593 1392 3651 306
1441 3602 1526 3649 est
1566 3594 1667 3650 sibi
1708 3596 1969 3670 Inyolst..·
2012 3594 2112 3652 sihi
2156 3603 2241 3651 est
2282 3598 2341 3651 F

256 3680 382 3737 307
428 3675 462 3713 '¹‘
502 3680 643 3753 iguis
696 3677 934 3736 nihilnt
979 3695 1031 3732 u.
1079 3681 1167 3735 vel
1214 3686 1272 3734 ut
1317 3696 1367 3733 u.
1411 3696 1465 3733 n.
1508 3681 1575 3737 i.:
1629 3681 1772 3754 ignis
1819 3689 1881 3735 ut
1933 3678 2066 3737 nihil
2119 3688 2241 3736 urat
2283 3682 2340 3737 F

254 3765 380 3823 309
431 3763 477 3820 C
517 3764 676 3821 Vino.
709 3764 860 3819 Bell.
891 3778 978 3834 sp.
1010 3764 1064 3818 d.
1094 3761 1157 3835 4,
1190 3761 1269 3820 54
1471 3762 1736 3838 malignus
1765 3766 1873 3837 Pb,
1906 3765 2201 3844 malignum
2233 3767 2548 3823 Fabricius

426 3851 648 3905 maxime
677 3849 920 3922 ingratos
951 3847 1147 3903 docere
1178 3864 1338 3921 saepe
1374 3850 1424 3905 T
1588 3849 1714 3908 310
1757 3852 2115 3906 comminatur
2149 3850 2218 3923 T,
2247 3852 2546 3925 imperatur

275 3936 429 3991 Vinc.
463 3934 612 3991 Bell.
645 3949 734 4005 sp.
767 3936 820 3989 d.
852 3932 925 4003 4,
961 3932 1079 3989 132
1282 3935 1373 3989 uni
1402 3933 1670 3990 PRTE'C
1709 3936 1892 3992 Vinc..·
1937 3936 1991 3991 ui
2022 3937 2080 3992 F
2259 3942 2542 3992 contume-

252 4020 379 4075 liam
409 4019 535 4075 facit
570 4020 635 4089 Τ,
664 4018 857 4073 iniuria
887 4018 970 4081 F,·
1014 4020 1107 4091 qui
1137 4018 1177 4073 f.
1213 4035 1262 4073 u.
1295 4018 1329 4072 i.
1363 4019 1635 4077 Pithoeus
1846 4020 1966 4076 311
2018 4020 2063 4078 0
2105 4020 2268 4083 Vina.
2301 4021 2450 4075 Bell.
2480 4018 2543 4090 4,

255 4103 341 4161 94
510 4103 697 4160 odiosa
729 4103 773 4159 C
968 4120 1043 4159 an
1074 4103 1417 4176 patientiam?
1637 4105 1757 4162 312
1805 4105 1894 4178 Cf.
1928 4124 1975 4161 v.
2007 4104 2135 4162 410
2287 4155 2302 4164 ,
2331 4103 2467 4159 mala
2503 4102 2549 4159 C

206 4195 217 4199 ’
266 4192 573 4246 Erasmus:
628 4187 750 4243 mali
792 4188 959 4245 PRF
1180 4188 1301 4244 313
1349 4188 1435 4261 Cf.
1482 4189 1618 4246 Sen.
1662 4192 1740 4246 ad
1778 4190 1977 4261 Polyb.
2026 4192 2238 4246 consol.
2286 4187 2365 4243 28
2423 4184 2543 4244 ‘Est

256 4291 450 4348 magna
488 4273 716 4330 felicitas
757 4274 812 4328 in
852 4274 967 4348 ipsa
1009 4273 1264 4329 felicitate
1304 4275 1615 4330 moriendi’.
1701 4277 1773 4331 id.
1806 4277 1886 4331 ad
1922 4274 2112 4330 Marc.
2146 4272 2228 4330 20
2272 4273 2442 4326 ‘mors
2473 4273 2541 4330 de

252 4359 419 4415 nullis
461 4358 653 4414 melius
696 4359 884 4413 merita
925 4375 1084 4432 quam
1127 4359 1194 4415 de
1230 4358 1328 4428 iis,
1372 4358 1438 4413 ad
1482 4376 1619 4434 quos
1663 4360 1807 4414 ven’rt
1835 4365 2120 4433 antequam
2151 4359 2574 4416 invocaretur'.⁴'’

426 4443 634 4499 felicius
674 4443 813 4498 libri
850 4447 1081 4516 quidam
1113 4447 1348 4500 Erasmi
1388 4452 1442 4500 et
1475 4446 2033 4517 Gryphismaldensis
2205 4443 2425 4498 invocet
2457 4445 2578 4520 Fr,

252 4531 475 4586 invoces
504 4530 579 4599 R,
610 4527 815 4583 invocis
845 4530 915 4602 P,
944 4530 1201 4585 invocens
1234 4529 1453 4603 Gryph.
1489 4546 1635 4585 mors
1664 4530 1946 4612 invocetur
1978 4530 2039 4602 0,
2072 4531 2221 4585 unde
2251 4521 2592 4590 conicias-55
