3209 5184
906 447 1220 494 PUBLILII
1266 447 1424 495 SYRI
1469 447 1595 494 SEN
1602 447 1925 493 TENTIAE.
2485 431 2524 494 8
2533 433 2564 494 l

449 601 746 665 Honeste
790 621 1019 687 parcas
1064 599 1381 686 improbo,
1425 608 1499 663 ut
1541 620 1771 686 parcas
1816 597 2041 686 probo.

271 711 400 767 225
448 699 896 792 Humanitatis
942 703 1192 788 optima
1235 711 1336 766 est
1379 702 1671 765 certatio.

447 805 676 869 Honos
721 803 1066 869 honestum
1110 802 1395 887 decorat,
1444 802 1858 866 inhonestum
1901 811 2104 866 notat.

446 906 597 970 Heu
642 904 1047 970 conscientia
1089 905 1293 967 animi
1334 905 1560 989 gravis
1609 897 1712 968 est
1752 904 2066 978 servitus!

446 1007 799 1073 Hominem
842 1006 1040 1069 etiam
1082 1006 1260 1090 frugi
1303 1006 1510 1070 flectit
1555 1027 1750 1092 saepe
1794 1006 2068 1069 occasio.

447 1109 719 1173 Homini
763 1105 1108 1173 consilium
1150 1117 1306 1172 tunc
1351 1107 1556 1190 deest,
1603 1129 1752 1199 cum
1793 1106 2000 1172 multa
2042 1106 2317 1170 invenit.

275 1218 404 1276 230
449 1209 735 1275 Inferior
774 1211 995 1293 rescit,
1043 1208 1364 1296 quidquid
1407 1219 1635 1296 peccat
1679 1210 1993 1295 superior.
2024 1229 2032 1236 ·

449 1310 798 1384 Inimicum
839 1310 1070 1375 ulcisci
1115 1313 1320 1376 vitam
1363 1313 1662 1398 accipere
1707 1320 1805 1375 est
1847 1308 2138 1375 alteram.

449 1407 744 1476 Invitum
790 1433 936 1475 cum
980 1413 1288 1499 retineaS,
1336 1416 1518 1478 exire
1560 1413 1816 1477 inciteS.

450 1514 935 1598 Ingenuitatem
978 1513 1219 1598 laedae,
1268 1537 1415 1580 cum
1458 1515 1804 1600 indignum
1844 1535 2058 1599 roges.

451 1616 535 1679 In
576 1614 754 1679 nullo
798 1637 1033 1680 avarus
1080 1618 1289 1683 bonus
1335 1627 1456 1700 est,
1507 1620 1578 1681 in
1624 1639 1694 1681 se
1736 1616 2078 1703 pessimae.

277 1726 401 1784 235
455 1717 645 1804 Inopi
693 1718 1077 1782 beneficium
1122 1720 1225 1784 bis
1271 1720 1406 1803 dat,
1454 1721 1565 1806 qui
1611 1718 1725 1783 dat
1769 1716 2086 1781 celeriter.

450 1819 723 1906 Inopiae
768 1818 1003 1884 desunt
1045 1819 1271 1903 multa,
1315 1822 1635 1885 avaritiae
1678 1820 1917 1884 omnia.

457 1915 786 1987 Instructa
828 1923 1051 2010 inopia
1094 1932 1192 1988 est
1234 1924 1306 1986 in
1350 1922 1605 1987 divitiis
1654 1922 1999 2010 cupiditas.

457 2023 711 2089 Invitat
756 2023 1034 2111 culpam,
1081 2027 1194 2112 qui
1238 2035 1575 2112 peccatum
1621 2025 1954 2111 praeterit.

279 2251 554 2294 comens
600 2255 651 2292 v.
687 2234 1050 2294 224--2292
1099 2236 1304 2310 MT),
1336 2256 1385 2293 v.
1420 2235 1789 2295 230—263:
1834 2227 2276 2320 PRBMTssc)

454 2354 575 2411 224
626 2353 715 2427 Cf.
748 2374 798 2411 v.
833 2354 954 2413 345
1127 2365 1188 2412 ut
1227 2373 1411 2431 parcas
1446 2356 1689 2412 Gruter.-
1735 2363 1795 2410 ut
1834 2371 1944 2411 non
1976 2370 2159 2410 careas
2191 2354 2261 2424 F,
2304 2355 2374 2409 de
2407 2357 2575 2422 cuius

276 2444 621 2511 corruptela
676 2439 758 2511 cf.
814 2460 861 2497 v.
908 2441 1064 2511 381,
1117 2449 1172 2497 et
1222 2458 1407 2515 parcas
1449 2443 1789 2512 Palatinae,
1842 2447 1903 2494 ut
1953 2456 2136 2495 caveas
2191 2437 2379 2495 Bothe

277 2524 402 2582 226
453 2526 628 2581 honor
663 2526 714 2580 T
776 2579 793 2590 ,
876 2534 1029 2582 notat
1053 2544 1157 2583 om.
1195 2528 1246 2583 Τ
1411 2526 1531 2584 227
1578 2526 1685 2584 heu
1718 2526 1959 2582 Gruter.-
2004 2525 2134 2581 haec
2162 2525 2219 2580 F
2384 2525 2564 2597 gravis

276 2619 363 2666 est
416 2611 649 2665 servitus
694 2611 936 2667 Gruter.-
981 2613 1197 2685 gravior
1247 2621 1332 2669 est
1385 2613 1647 2668 servitute
1690 2610 1747 2665 F
1756 2635 1775 2675 ,·
1821 2610 1901 2683 cf.
1944 2629 1993 2668 v.
2044 2609 2142 2666 11.
2177 2607 2319 2666 583.
2410 2610 2579 2678 Quod

278 2698 409 2752 olim
443 2699 827 2769 conieceram,
858 2696 976 2752 Heu
1006 2698 1333 2753 conscientia
1367 2698 1629 2753 servitute
1661 2697 1877 2770 gravior
1907 2703 2011 2765 est,
2039 2709 2253 2767 parum
2286 2710 2564 2751 commen·

277 2782 459 2836 datur
489 2799 537 2836 v.
575 2780 713 2838 100.
746 2779 871 2838 443
1087 2782 1212 2840 230
1254 2784 1418 2839 rescit
1448 2784 1678 2838 restitui
1715 2796 1797 2837 ex
1825 2781 1907 2836 P.-
1953 2781 2127 2837 nescit
2159 2779 2293 2851 RE,
2340 2780 2576 2835 orrescit

148 2929 163 2941 .
280 2866 355 2937 Β,
386 2866 656 2920 horrescit
687 2866 782 2922 Fe
830 2867 987 2923 Vinc.
1022 2866 1168 2923 Bell.
1199 2884 1288 2940 sp.
1322 2870 1377 2926 d.
1410 2866 1469 2938 5,
1503 2867 1563 2939 6,
1595 2866 1785 2922 horret
1816 2866 2130 2936 ErasmuS,
2161 2871 2308 2921 casat
2341 2867 2424 2920 vel
2456 2880 2576 2919 cre·
2635 2888 2638 2891 >

279 2952 383 3005 scit
428 2952 589 3008 codd.
636 2951 894 3022 Bentlei,
951 2954 1100 3008 unde
1141 2952 1490 3009 Ribbecla'us
1532 2959 1718 3007 causat
1747 2974 1831 2996 =
1861 2957 2142 3019 causatur3
2197 2965 2320 3004 cum
2363 2948 2569 3021 periclo

279 3034 507 3090 inferior
537 3036 751 3108 quaerit
783 3036 850 3107 T,
882 3054 1125 3109 quocum
1157 3038 1236 3111 cf.
1273 3035 1416 3094 Gen.
1450 3036 1520 3105 2,
1556 3036 1656 3108 19,
1690 3035 1725 3090 2
1770 3036 1886 3109 ‘qui
1916 3034 2115 3090 sactum
2145 3031 2363 3107 aliquod
2395 3033 2576 3088 occul-

283 3121 394 3174 tius
438 3122 750 3193 cognoscit,
790 3122 836 3176 is
867 3121 1064 3177 dicitur
1092 3124 1310 3196 proprie
1341 3120 1584 3178 rescire’.
1759 3120 2010 3194 superior
2045 3117 2280 3174 BFEC:
2322 3118 2574 3191 superius

280 3205 424 3276 PR,
470 3206 560 3278 qui
592 3207 842 3279 superius
875 3206 1147 3263 occultare
1178 3206 1458 3263 contendit
1492 3206 1544 3260 T
1713 3204 1831 3262 231
1881 3213 1965 3260 est
1994 3205 2236 3277 accipere
2266 3204 2577 3259 Fabricius

458 3289 579 3347 232
624 3290 801 3346 incitis
832 3292 913 3362 P,
955 3293 1142 3348 incitas
1176 3291 1220 3348 C
1400 3290 1520 3347 233
1565 3294 1626 3346 in
1658 3291 1714 3345 F
1748 3288 1913 3362 infra
1950 3291 2163 3363 le9ilur
2193 3295 2331 3360 post
2372 3283 2574 3345 22:276

458 3374 635 3456 laedas
664 3375 830 3432 PRB
859 3394 961 3448 pr.
1004 3396 1075 3434 m.
1107 3378 1185 3433 F.-
1230 3376 1395 3432 laedis
1427 3376 1515 3431 Pa
1556 3392 1670 3432 sec.
1712 3393 1783 3431 m.
1816 3375 1868 3429 Β
1910 3390 2066 3431 corr.
2102 3373 2165 3443 0,
2195 3372 2360 3429 laedit
2406 3372 2565 3429 Vinc.

286 3461 438 3517 Bell.
470 3477 557 3530 sp.
591 3462 646 3518 d.
678 3459 741 3531 4,
772 3460 849 3517 51
997 3456 1147 3537 cum]
1184 3462 1275 3536 qui
1322 3463 1479 3518 Vinc.
1633 3461 1857 3534 dignum
1891 3460 1945 3514 B
2092 3474 2257 3531 roges
2286 3457 2575 3513 PRBFC:

282 3562 448 3618 rogas
470 3546 559 3601 Pa
590 3561 708 3602 εει).
731 3565 803 3602 m.
830 3554 991 3620 rogat
1031 3547 1188 3604 Vinc.
1223 3546 1573 3602 Honestatem
1606 3544 1805 3601 laedes..
1860 3560 1981 3599 cum
2013 3559 2113 3617 pro
2144 3542 2371 3615 indigno
2402 3543 2570 3598 inter-

285 3630 434 3685 cedis
469 3631 520 3685 T
696 3629 819 3688 234
864 3631 1091 3689 Seneca
1135 3634 1359 3704 epistul.
1408 3632 1560 3702 108,
1603 3631 1639 3687 9
1693 3648 1807 3686 non
1850 3631 2040 3685 addito
2080 3628 2315 3683 Publilii
2352 3631 2576 3684 nomine

454 3716 509 3769 in
551 3715 703 3771 nullo
734 3717 865 3772 LE:
907 3719 963 3773 in
1002 3716 1213 3772 nullum
1255 3717 1513 3788 Seneca,
1554 3714 1690 3771 nulli
1739 3716 1894 3773 Vinc.
1940 3714 2092 3770 Bell.
2138 3729 2226 3785 sp.
2260 3714 2314 3768 d;
2348 3711 2421 3784 4,
2457 3710 2576 3769 144

455 3801 511 3854 in
541 3794 629 3875 se]
662 3802 811 3874 inopi
861 3803 1019 3861 Vinc.
1048 3801 1310 3873 fortasse
1338 3802 1461 3875 ipsi,
1492 3805 1607 3857 nisi
1625 3804 1824 3873 potius
1852 3800 2188 3872 corruptela
2221 3805 2351 3855 orta
2384 3805 2469 3855 est
2499 3815 2579 3855 eae

288 3905 341 3952 a.
374 3901 495 3958 seq.
527 3888 716 3949 initio,-
762 3888 855 3960 qui
900 3894 1034 3944 ante
1074 3889 1128 3942 in
1169 3903 1228 3942 se
1259 3903 1386 3958 sup.
1419 3902 1534 3943 scr.
1569 3886 1625 3940 B
1654 3901 1772 3942 εει).
1804 3878 1874 3941 ηιξ
1895 3908 1902 3914 ·
1977 3920 1982 3924 ·
2077 3883 2198 3941 235
2246 3884 2306 3939 Ε
2497 3881 2577 3938 bis

286 3971 445 4025 datur
476 3970 562 4041 B,
606 3971 729 4043 plus
770 3971 862 4027 dat
902 3974 994 4046 qui
1024 3989 1068 4028 c.
1101 3980 1341 4046 praestat
1377 3971 1441 4042 T,
1483 3969 1664 4027 benef.
1697 3970 1786 4026 dat
1815 3972 1861 4025 is
1893 3970 1986 4043 qui
2032 3971 2189 4026 Vinc.
2225 3968 2370 4025 Bell.
2403 3984 2491 4039 sp.
2523 3968 2576 4022 d.

289 4055 351 4125 4,
384 4055 460 4111 51
638 4054 759 4112 236
808 4056 1032 4113 Seneca
1066 4063 1320 4114 controv.
1357 4056 1415 4131 7,
1451 4055 1561 4127 18,
1593 4056 1632 4112 8
1665 4054 1842 4127 (206,
1879 4055 1954 4112 16
1988 4052 2191 4124 Bura.)
2238 4052 2467 4108 ‘Desunt
2494 4051 2602 4105 lu-=

289 4141 471 4196 xuriae
501 4139 692 4214 multa,
724 4157 771 4196 a.
807 4140 884 4197 o.'
931 4143 1155 4199 Seneca
1189 4145 1419 4214 epistul.
1456 4141 1598 4213 108,
1633 4140 1668 4198 9
1702 4139 1928 4196 ‘Desunt
1954 4139 2169 4213 inopiae
2200 4136 2388 4207 multa,
2420 4153 2468 4196 a.
2492 4137 2567 4190 0.’

434 4226 583 4299 inopi
616 4227 668 4281 Β
697 4243 811 4283 εει).
844 4219 935 4285 m.
1082 4227 1132 4283 d.
1165 4227 1332 4283 multa
1364 4227 1593 4283 Seneca
1612 4250 1627 4280 .·
1655 4242 1816 4299 parva
1846 4224 1898 4280 d.
1932 4225 1979 4279 L
2020 4224 2175 4283 Vinc.
2210 4221 2363 4278 Bell.
2397 4237 2486 4293 sp.
2518 4221 2573 4277 d.

289 4309 352 4381 4,
386 4310 528 4384 144,
556 4306 618 4369 δἐι
649 4310 885 4385 (cuncta)
916 4312 1115 4368 desunt
1148 4312 1210 4385 0,
1242 4311 1293 4367 d.
1325 4328 1493 4386 pauca
1527 4313 1744 4369 Gruter
1897 4325 2054 4364 avaro
2086 4308 2142 4364 B
2182 4321 2299 4362 εει).
2329 4324 2401 4361 m.

292 4395 412 4454 237
459 4396 561 4453 EG
603 4400 761 4456 Vinc.
802 4399 944 4468 Bell.
976 4415 1063 4470 sp.
1096 4400 1152 4458 d.
1186 4397 1249 4470 4,
1284 4395 1405 4453 146
1542 4396 1722 4471 inopia
1751 4396 2016 4471 instructa
2051 4391 2095 4448 0
2222 4389 2344 4448 238
2390 4390 2580 4446 invitat

298 4481 355 4553 0,
391 4483 709 4554 ErasmuS,
740 4483 932 4538 invitat
959 4483 1206 4557 profecto
1244 4483 1317 4539 T.-
1352 4484 1415 4537 in
1447 4498 1506 4537 se
1536 4484 1670 4537 vitat
1698 4481 1776 4551 L,
1816 4481 1933 4553 ipse
1963 4479 2126 4534 intrat
2155 4476 2373 4541 Bolke;
2412 4475 2494 4549 cf.
2529 4493 2576 4531 v.

390 4587 643 4627 Punnnsus
670 4586 831 4629 Sume.
2141 4577 2173 4626 6
