3209 5184
946 477 1257 525 PUBLILII
1302 477 1457 524 sm
1504 475 1966 523 summe.
2510 465 2596 529 69

214 612 219 617 Ι
341 638 430 696 50
470 631 588 695 Bis
634 631 837 694 emori
882 640 981 693 est
1022 629 1295 693 alterius
1337 630 1613 695 arbitrio
1657 630 1841 692 mori.

469 731 800 796 Beneficia
842 730 1030 818 plura
1072 732 1322 818 recipit,
1369 732 1483 818 qui
1526 733 1656 795 scit
1695 729 1992 795 reddere.

466 835 584 897 Bis
628 855 883 921 peccas,
930 854 1077 896 cum
1120 834 1419 920 peccanti
1463 832 1848 918 obsequium
1890 833 2365 900 accommodas.

467 937 691 999 Bonus
739 936 993 999 animus
1039 933 1252 998 laesus
1296 936 1567 1020 gravius
1611 931 1815 998 multo
1857 935 2183 998 irascitur.

465 1038 654 1102 Bona
695 1058 868 1101 mors
914 1045 1014 1099 est
1055 1035 1324 1118 homini,
1370 1038 1549 1100 vitae
1593 1057 1760 1122 quae
1805 1036 2137 1122 extinguit
2178 1038 2368 1101 mala.

336 1147 420 1204 55
466 1138 871 1202 Beneficium
913 1136 1130 1202 dando
1172 1139 1446 1224 accepit,
1492 1138 1605 1223 qui
1649 1136 1851 1223 digno
1895 1137 2099 1202 dedit.

465 1239 825 1322 Blanditia,
872 1262 1003 1303 non
1046 1241 1339 1326 imperio,
1386 1239 1460 1303 fit
1506 1236 1715 1302 dulcis
1759 1237 2009 1303 Venus.

460 1343 684 1405 Bonus
728 1343 984 1405 animus
1028 1363 1381 1428 numquam
1411 1342 1657 1405 erranti
1688 1341 2071 1428 obsequium
2100 1342 2582 1409 adcommodat.

434 1442 862 1507 Beneficium
907 1444 1019 1528 qui
1064 1442 1331 1507 dedisse
1375 1464 1445 1507 se
1488 1442 1672 1524 dicit,
1719 1444 1905 1528 petit.

459 1542 765 1609 Benivoli
811 1545 1179 1610 coniunctio
1221 1544 1425 1608 animi
1469 1544 1759 1607 maxima
1804 1553 1903 1608 est
1948 1545 2276 1630 cognatio.

329 1656 417 1712 60
459 1645 865 1709 Beneficium
908 1667 1101 1733 saepe
1145 1646 1302 1710 dare
1345 1645 1580 1710 docere
1625 1655 1724 1709 est
1766 1644 2063 1709 reddere.
2147 1686 2170 1705 x

459 1747 789 1812 Bonitatis
835 1747 1038 1811 verba
1081 1748 1326 1812 imitari
1369 1748 1579 1812 maior
1622 1745 1873 1811 malitia
1919 1756 2037 1812 est.

459 1849 646 1915 Bona
689 1849 910 1937 opinio
954 1848 1286 1914 hominum
1329 1849 1531 1914 tutior
1573 1850 1850 1935 pecunia
1894 1859 2008 1914 est.

280 2163 558 2206 comens
607 2163 654 2201 v.
687 2144 937 2202 44-78
974 2144 1207 2203 PRBF
1222 2146 1270 2202 V
1293 2144 1434 2217 (EG)
1466 2207 1472 2212 .

461 2293 545 2356 50
590 2301 759 2355 emori
807 2306 892 2354 est
939 2298 1409 2372 BamberyensiS,
1464 2298 1807 2354 Fabricius,-
1866 2298 2007 2353 enim
2059 2300 2198 2355 mori
2239 2307 2323 2355 est
2363 2298 2583 2357 PRFE

277 2386 604 2454 ErasmuS,
653 2386 784 2439 ilem
816 2385 871 2438 B
907 2386 1020 2439 nisi
1057 2385 1210 2456 quod
1247 2400 1364 2441 una
1393 2386 1592 2439 littera
1625 2389 1759 2439 ante
1790 2383 1928 2438 mori
1958 2397 2135 2439 erasa
2169 2390 2280 2456 est,
2327 2384 2459 2440 mori
2494 2393 2578 2442 est

298 2469 411 2540 VC,
447 2476 533 2525 est
562 2469 698 2523 mori
730 2468 931 2538 Bothe,
966 2469 1316 2525 Ritsckelius
1344 2469 1538 2525 sched.
1572 2472 1700 2524 crit.
1737 2467 1813 2524 16
1844 2491 1929 2514 =
1960 2484 2156 2538 opu-90.
2185 2469 2329 2541 phil.
2364 2467 2422 2540 2,
2450 2469 2574 2528 664

458 2551 568 2607 arb.
602 2554 770 2608 emori
803 2553 1034 2609 Gruter.
1098 2553 1188 2626 Cf.
1216 2572 1311 2627 pq.
1345 2552 1424 2610 59
1617 2551 1693 2610 51
1744 2554 1933 2626 recipit
1965 2553 2136 2609 RBF
2152 2554 2383 2611 VECPa
2419 2570 2576 2612 corr.

279 2656 406 2696 sec.
437 2657 511 2693 m.
543 2639 745 2710 recepit
775 2639 846 2714 P,
883 2638 1112 2712 plurima
1143 2640 1349 2712 accepit
1396 2639 1549 2695 Vino.
1583 2639 1732 2694 Bell.
1764 2652 1852 2708 sp.
1884 2639 1940 2694 d.
1974 2636 2035 2708 4,
2068 2636 2147 2694 53
2321 2638 2400 2695 52
2450 2657 2576 2714 pec-

280 2725 435 2780 canti
481 2722 594 2777 BE
632 2721 978 2793 BernensiS,
1023 2723 1337 2779 Erasmus,-
1379 2722 1585 2797 peccati
1630 2724 1709 2794 P,
1760 2723 1994 2795 peccatis
2038 2723 2124 2795 R,
2166 2731 2388 2797 peccato
2420 2726 2582 2783 FVC

299 2811 466 2865 Vino.
511 2808 661 2862 Bell.
703 2811 787 2879 sp.
830 2811 886 2864 d.
929 2807 999 2879 4,
1036 2808 1173 2865 106.
1210 2808 1349 2866 168.
1385 2807 1453 2879 5,
1486 2807 1541 2863 8.
1617 2807 1703 2880 Cf.
1739 2827 1784 2864 v.
1820 2806 1916 2863 57.
1954 2805 2092 2864 148.
2267 2809 2574 2866 commodas

283 2892 658 2965 Godofredus
804 2892 882 2950 53
930 2901 985 2949 et
1015 2899 1136 2949 tres
1164 2909 1279 2966 seq.
1314 2913 1360 2951 v.
1393 2895 1598 2949 desunt
1632 2895 1687 2947 iu
1721 2894 1775 2947 B
1918 2893 2132 2965 gravius
2165 2893 2336 2949 multo
2368 2894 2579 2952 PREC

280 2980 608 3034 Erasmus.-
651 2977 822 3034 multo
865 2994 947 3051 gr.
994 2978 1050 3031 F
1065 2978 1123 3048 V,
1166 2978 1371 3034 inultus
1414 2994 1496 3051 gr.
1550 2975 1708 3033 Vino.
1739 2976 1889 3033 Bell.
1935 2994 2019 3047 sp.
2067 2977 2117 3031 d.
2164 2982 2227 3048 4,
2264 2977 2402 3035 133.
2480 2977 2569 3052 Cf.

281 3064 499 3120 Caecil.
533 3060 701 3119 Balb.
736 3063 967 3119 Monac.
1005 3061 1103 3132 15,
1138 3062 1237 3133 15,
1263 3081 1357 3137 pq.
1393 3062 1471 3119 25
1504 3059 1584 3117 (Β.
1618 3062 1819 3117 amicus
1853 3061 2026 3116 laesus
2058 3078 2111 3135 g.
2143 3061 2204 3118 i.'
2349 3061 2428 3118 54
2476 3064 2575 3120 ho·

279 3149 417 3204 mini
444 3146 608 3203 PRF
622 3148 669 3203 V
677 3173 691 3201 .·
738 3148 909 3202 omnis
952 3148 1279 3213 Bentleius;
1322 3147 1369 3203 h.
1418 3164 1488 3202 m.
1532 3154 1615 3202 est
1657 3162 1793 3219 quae
1837 3146 1994 3201 animi
2026 3162 2071 3201 e.
2104 3162 2172 3201 m.
2207 3147 2274 3218 0,
2318 3150 2576 3207 simililer

275 3235 451 3290 codd.
490 3232 726 3288 Gruter-i
763 3240 816 3288 el
850 3233 1099 3288 Bentleii
1107 3257 1126 3296 ,·
1167 3231 1218 3288 b.
1250 3233 1299 3288 h.
1334 3249 1401 3288 m.
1436 3240 1519 3288 est
1553 3232 1769 3288 Gruter
1948 3230 2027 3287 55
2077 3231 2296 3289 Gellius
2330 3233 2430 3303 17,
2465 3233 2562 3291 14.

278 3318 552 3374 Mac-rob.
586 3316 707 3372 Sal.
742 3315 800 3388 2,
834 3318 892 3388 7,
928 3318 1024 3374 10.
1182 3315 1444 3374 Beneficia
1475 3316 1750 3373 Pithoeus
1897 3316 2107 3390 accepit
2138 3316 2353 3375 Gellius
2386 3316 2571 3376 Macr.

300 3405 355 3459 V
396 3404 711 3458 Erasmus:
754 3403 948 3476 accipit
989 3402 1230 3472 PRFE,
1275 3403 1483 3476 accepit
1525 3400 1703 3458 dando
1746 3402 1872 3459 Ioa.
1915 3400 2217 3459 Sareeber.
2260 3403 2476 3460 Polior.
2510 3403 2569 3474 8,

278 3487 371 3543 14
540 3485 752 3542 dederit
808 3488 855 3544 V
1023 3487 1101 3545 56
1149 3488 1236 3561 Cf.
1282 3487 1403 3545 276
1578 3486 1657 3543 57
1707 3486 1795 3560 Cf.
1845 3506 1893 3543 v.
1930 3485 2028 3541 52.
2204 3488 2402 3543 amicus
2445 3490 2568 3545 eod.

272 3573 728 3641 panthaleonis,
771 3570 823 3626 b.
855 3572 1056 3627 amicus
1099 3580 1184 3628 est
1224 3575 1315 3647 qui
1358 3591 1410 3628 u.
1446 3574 1491 3631 C
1659 3570 1867 3626 errandi
1917 3572 1965 3626 V
2127 3571 2433 3629 commodat
2464 3572 2570 3631 Go-

270 3658 565 3730 dofredus
778 3656 857 3713 58
902 3656 1160 3714 Beneficia
1192 3659 1464 3715 Pithoeus
1677 3657 1768 3730 qui
1811 3655 2023 3711 dedisse
2064 3672 2124 3711 se
2153 3654 2231 3728 L,
2268 3656 2567 3717 Pithoeus:

272 3760 343 3798 se
387 3742 436 3797 d.
485 3743 575 3814 qui
605 3742 919 3812 Erasmus,
966 3744 1057 3816 qui
1100 3760 1160 3799 se
1198 3743 1253 3798 d.
1312 3744 1468 3800 Vino.
1503 3743 1655 3799 Bell.
1701 3757 1788 3813 sp.
1829 3743 1882 3796 d.
1917 3739 1990 3811 4,
2023 3740 2124 3799 52.
2211 3742 2300 3815 Cf.
2333 3742 2467 3802 Sen.
2499 3747 2571 3803 de

269 3827 477 3899 benef.
520 3826 590 3895 2,
625 3828 736 3898 ll,
769 3826 806 3881 2
992 3826 1073 3885 59
1118 3829 1425 3885 convinctio
1485 3829 1529 3885 V
1568 3835 1653 3883 est
1694 3843 1762 3883 m.
1805 3827 2067 3901 cogitatio
2099 3826 2169 3897 C,
2215 3828 2378 3887 animi
2421 3828 2474 3886 b.
2518 3848 2565 3887 c.

272 3929 478 3986 magna
518 3920 600 3967 cst
644 3930 689 3967 c.
739 3912 893 3967 Vino.
927 3912 1076 3969 Bell.
1108 3930 1193 3986 sp.
1226 3916 1281 3973 d.
1314 3914 1384 3986 5,
1415 3913 1529 3985 53,
1560 3912 1713 3969 Coni.
1753 3929 1799 3968 a.
1831 3928 1901 3967 m.
1945 3919 2031 3970 est
2061 3930 2105 3968 c.
2151 3915 2240 3970 vel
2269 3913 2566 3973 Benevoluu

266 3998 491 4053 animus
538 4013 607 4050 m.
653 4005 739 4052 est
779 4014 826 4053 c.
872 3998 1184 4061 Erasmus:
1228 4006 1288 4055 ul
1328 4015 1434 4056 nos
1469 4002 1695 4071 primus
1739 3998 2109 4071 Godofredus
2149 4012 2229 4055 ex
2269 4001 2393 4056 cod.
2436 4000 2567 4058 bibl.

266 4083 531 4138 Amandi
700 4081 781 4138 60
824 4090 908 4137 est
948 4081 1072 4142 doc.
1123 4085 1185 4155 V,
1246 4083 1404 4140 Vinc.
1452 4084 1597 4141 Bell.
1639 4100 1729 4155 sp.
1773 4086 1827 4139 d.
1873 4082 1946 4155 4,
1977 4082 2076 4141 46.
2253 4084 2328 4141 61
2381 4084 2468 4157 Cf.
2516 4102 2564 4141 v.

265 4167 426 4224 368.
461 4166 586 4222 400
754 4165 895 4221 bona
942 4167 1098 4224 Vino.
1144 4169 1293 4227 Bell.
1332 4186 1417 4241 sp.
1448 4171 1505 4227 d.
1537 4168 1607 4241 4,
1647 4168 1763 4225 129
1933 4169 2143 4225 imitare
2175 4168 2290 4239 Pa,
2331 4168 2566 4225 inmuni

264 4253 444 4319 PbR,
475 4252 729 4306 inmutari
760 4250 823 4322 C,
854 4269 965 4308 non
994 4254 1189 4310 imiuri
1220 4257 1348 4312 cod.
1378 4256 1652 4312 panthal.
1684 4255 1905 4310 mercari
1953 4253 2110 4311 Vino.
2141 4267 2227 4323 sp.
2259 4253 2315 4309 d.
2347 4250 2410 4325 4,
2443 4250 2563 4311 129

456 4336 623 4392 maior
661 4354 765 4392 om.
799 4336 872 4401 0,·
916 4339 1033 4395 mal.
1078 4340 1246 4395 maior
1286 4349 1369 4397 est
1402 4341 1459 4396 F
1472 4342 1531 4411 V,
1576 4341 1745 4396 maior
1782 4344 1866 4393 eut
1899 4356 1969 4394 m.
2017 4338 2176 4395 Vino.
2203 4337 2243 4392 l.
2275 4352 2328 4393 e.
2363 4337 2562 4395 malma

262 4432 365 4478 est
408 4421 670 4477 maiorum
711 4423 857 4478 idem
896 4439 985 4495 sp.
1016 4426 1072 4479 d.
1104 4424 1179 4495 5,
1210 4424 1290 4483 52
1464 4426 1544 4483 62
1592 4426 1679 4499 Cf.
1713 4443 1761 4482 v.
1795 4422 1893 4481 83.
1925 4422 2066 4479 217.
2096 4420 2220 4477 498
2393 4420 2564 4481 homi-

260 4523 406 4563 nnm
446 4506 539 4561 LC
582 4506 739 4563 Vino.
774 4506 920 4564 Bell.
950 4524 1039 4581 ep.
1068 4512 1125 4569 d.
1156 4509 1217 4581 5,
1250 4510 1358 4567 67:
1404 4510 1605 4568 lumini
1643 4509 1924 4566 Erasmus
2093 4511 2176 4559 seut
2207 4524 2313 4567 om,
2365 4508 2412 4567 V

33 4810 458 5164 L..
