3209 5184
1112 463 1657 512 PROLEGOMENA.
2438 451 2522 515 23

243 620 487 706 patriae
540 640 796 700 amore,
853 617 971 681 sed
1025 613 1177 703 quia
1228 615 1405 680 haud
1447 617 1641 703 pauci
1684 639 1913 680 versus
1956 615 2109 681 huic
2151 619 2267 681 uni
2309 618 2523 683 codici

244 720 513 784 salutem
569 719 832 783 debent.
920 718 1025 782 Cf.
1082 740 1147 781 v.
1198 718 1296 781 10.
1352 719 1457 782 33.
1512 718 1619 781 50.
1675 718 1780 782 52.
1838 718 1941 782 63.
1993 719 2134 782 126.
2186 720 2326 783 130.
2377 720 2518 783 134.

247 823 378 886 166.
423 822 575 886 209.
620 821 768 884 252.
855 819 1190 884 Parisinos
1208 867 1227 900 ,
1274 819 1510 905 quibus
1555 820 1852 906 proxime
1893 821 2149 884 accedit
2191 820 2519 884 Rheinau-

239 924 504 1007 giensis,
550 922 764 1008 possis
796 922 1062 1008 quidem
1091 922 1311 984 dicere
1336 922 1552 984 minus
1581 921 2004 1006 neglegenter
2032 922 2309 1007 scriptos
2341 944 2516 1004 esse3

241 1024 379 1106 sed,
439 1023 617 1110 quod
661 1022 864 1088 multo
905 1022 1175 1109 gravius
1221 1031 1352 1103 est,
1411 1044 1634 1086 eorum
1678 1044 2016 1105 versuum,
2063 1024 2178 1109 qui
2220 1024 2290 1086 in
2332 1022 2520 1086 Basi-

238 1124 422 1189 liensi
466 1125 795 1210 leguntur,
840 1125 959 1189 vix
999 1146 1168 1187 unus
1213 1133 1314 1186 est
1355 1123 1624 1205 alterve,
1671 1125 1784 1210 qui
1829 1146 1913 1188 ex
1957 1123 2094 1189 solo
2138 1123 2365 1189 codice
2412 1123 2517 1189 Pa

237 1236 340 1291 aut
384 1226 488 1291 Pb
532 1237 649 1292 aut
692 1225 757 1289 R
798 1227 868 1288 in
911 1226 1239 1309 integrum
1282 1225 1686 1289 restituatur.

599 1637 752 1719 III.
857 1637 977 1720 De
1038 1634 1534 1736 editionibus⁸
1567 1633 1891 1720 Publilii
1953 1634 2149 1743 Syri.

394 1836 705 1900 Vidimus
730 1836 964 1919 *igitur
1025 1833 1383 1899 Publilium
1438 1856 1555 1920 per
1611 1831 1817 1896 multa
1871 1834 2132 1898 saecula
2185 1834 2516 1900 oblivione

231 1938 534 2003 obrutum
590 1936 827 2019 fuisse,
886 1938 1357 2001 sententiarum
1409 1944 1627 2000 autem
1670 1935 2018 1999 dimidiam
2061 1936 2198 2000 fere
2241 1946 2515 2024 partem,

229 2037 471 2102 additis
525 2040 597 2101 in
648 2037 777 2100 fine
831 2036 980 2101 aliis
1038 2059 1122 2101 ex
1164 2036 1701 2103 Pseudosenecae
1756 2036 1959 2120 libro,
2015 2040 2129 2124 qui
2173 2039 2374 2124 vulgo
2416 2040 2513 2102 in-

230 2140 538 2205 scribitur
581 2138 665 2202 de
706 2139 1030 2221 moribus,
1076 2160 1270 2225 saepe
1313 2137 1740 2226 descriptam,
1786 2137 2217 2224 divulgatam,
2263 2139 2514 2205 lectita-

229 2251 358 2305 tam
404 2262 569 2305 esse.
638 2240 740 2304 Ea
766 2241 1118 2326 proverbia
1147 2241 1375 2326 quanti
1404 2239 1682 2304 fecerint
1710 2239 1884 2304 illius
1916 2240 2158 2305 saeculi
2192 2240 2512 2325 homines,

230 2365 352 2429 quo
397 2366 504 2407 ars
548 2341 1026 2428 typographica
1068 2340 1474 2405 efflorescere
1517 2343 1756 2429 coepit,
1801 2341 1925 2406 hoc
1969 2341 2356 2408 documento
2389 2353 2511 2426 est,

230 2445 402 2531 quod
460 2454 741 2513 exeunte
795 2442 1051 2507 saeculo
1096 2442 1249 2506 XV.
1294 2465 1424 2506 non
1479 2442 1689 2509 solum
1735 2444 2021 2510 Senecae
2065 2467 2330 2531 operum
2376 2446 2511 2509 edi-

228 2547 517 2612 tionibus
559 2544 819 2627 addita,
866 2545 982 2609 sed
1028 2543 1172 2631 plus
1218 2543 1457 2608 decies'
1479 2544 1922 2632 peculiaribus
1965 2545 2207 2611 libellis
2256 2548 2324 2610 in
2369 2545 2509 2610 vul-

134 2698 143 2701 -
229 2671 349 2732 gus
396 2649 628 2712 emissa
674 2656 848 2711 sunt.
934 2645 1074 2709 13111
1120 2667 1268 2709 011111
1311 2645 1731 2711 Desiderii
1776 2648 2087 2712 Erasmi
2146 2670 2301 2713 cura
2343 2671 2513 2713 anno

234 2751 396 2815 1515
448 2747 735 2812 Basiliae
790 2747 1075 2813 Senecae
1129 2745 1499 2833 philosophi
1554 2770 1754 2835 opera
1808 2750 1985 2836 typis
2041 2748 2309 2814 Ioannis
2353 2750 2512 2814 Fro-

231 2851 408 2915 benii
462 2849 792 2937 descripta
853 2848 1220 2936 prodirent,
1281 2848 1497 2914 noluit
1551 2848 1663 2914 ille
1692 2849 1981 2937 quidem
2036 2850 2347 2939 opusculo
2400 2850 2512 2916 illo

230 2952 502 3017 lectores
546 2951 892 3033 fraudare,
929 2949 1047 3013 sed
1091 2949 1214 3013 hoc
1256 2953 1507 3015 monuit
1552 2959 1706 3017 ‘non
1748 2973 1875 3018 esse
1914 2953 2201 3032 Senecae,
2243 2954 2355 3018 sed
2391 2955 2511 3019 eol-

232 3056 449 3126 ledum
491 3075 566 3118 ex
608 3054 853 3130 mimis;
916 3053 1220 3134 quosdam
1264 3054 1432 3116 enim
1474 3054 1848 3135 deprehendi
1889 3055 2108 3119 citatos
2150 3055 2327 3136 apud
2367 3053 2511 3119 Gel-

232 3156 387 3220 lium
441 3156 731 3236 aliasque
781 3155 1120 3219 sententias
1173 3155 1449 3218 adiectas
1501 3175 1628 3220 esse
1678 3176 1755 3219 ex
1794 3157 2187 3222 orationibus
2239 3158 2508 3234 soluti-5⁹,
2561 3174 2566 3179 ·

231 3256 530 3342 idemque
574 3254 923 3341 separatim
969 3253 1178 3318 edidit
1221 3254 1498 3319 mimos
1543 3254 2015 3339 Publianos,
2062 3258 2509 3343 castigatos

233 3368 307 3421 et
360 3356 851 3438 elucidatos,
911 3378 1040 3422 una
1098 3377 1244 3421 011111
1290 3356 1600 3443 Dionysii
1645 3357 1913 3424 Catonis
1957 3359 2259 3425 distichis
2305 3368 2370 3423 et
2413 3380 2510 3422 se·

232 3470 405 3545 ptem
447 3458 855 3544 Sapientiam
899 3456 1115 3539 dictis,
1163 3459 1273 3544 qui
1317 3456 1486 3522 liber
1529 3467 1755 3546 postea
1796 3462 2057 3547 saepius
2101 3464 2279 3548 typis
2323 3482 2506 3546 repe-

231 3561 386 3624 titus
440 3569 561 3624 est.
651 3556 784 3624 Sed
839 3581 969 3645 quo
1021 3581 1192 3623 anno
1247 3559 1561 3654 Erasmus
1605 3560 1964 3625 Publilium
2015 3562 2102 3626 ab
2155 3562 2509 3627 oblivionis

234 3661 467 3724 iniuria
484 3660 930 3739 ‘vindicasset,
976 3659 1264 3725 nondum
1308 3661 1470 3725 satis
1509 3660 1921 3747 exploratum
1951 3673 2112 3746 erat,
2157 3663 2364 3727 donec
2393 3663 2508 3727 Fr.

231 3761 683 3827 Latendorfius
697 3812 716 3846 ,
775 3763 886 3847 qui
928 3772 1080 3826 ante
1123 3762 1241 3826 hos
1285 3762 1572 3828 sedecim
1613 3784 1817 3827 annos
1862 3766 2195 3830 seminarii
2237 3764 2509 3853 philolo-

232 3865 357 3948 gici
403 3864 860 3947 Gottingensis
916 3885 1166 3928 mecum
1221 3864 1462 3929 sodalis
1518 3864 1676 3949 fuit,
1732 3867 1801 3929 in
1846 3865 2224 3931 doctissima
2267 3868 2506 3932 disser-

232 3966 469 4031 tatione
534 3964 940 4049 (Sebastiani
994 3965 1233 4029 Franci
1292 3964 1375 4029 de
1431 3965 1811 4053 Pythagora
1870 3969 2137 4054 eiusque
2191 3968 2504 4054 symbolis

234 4065 584 4155 disputatio
645 4068 1106 4131 commentario
1168 4065 1521 4148 illustrata,
1590 4068 1849 4134 Suerini
1907 4069 2093 4134 1868.
2146 4068 2239 4153 4⁰)
2297 4092 2407 4155 pg.
2465 4071 2505 4134 8

232 4169 496 4250 monuit,
544 4167 898 4233 editionem
940 4169 1302 4256 principem
1331 4168 1632 4256 prodisse
1674 4170 1839 4235 Lon
1855 4171 2025 4235 dini
2068 4192 2237 4233 anno
2285 4170 2503 4235 1514.

234 4270 484 4336 Titulus
529 4270 685 4334 libri
727 4269 833 4334 hic
878 4279 1009 4334 est:
1070 4269 1372 4335 Disticha
1413 4271 1717 4356 moralia,
1772 4271 1964 4336 titulo
2008 4271 2308 4353 Catonis,
2356 4292 2503 4334 cum

235 4372 488 4436 scholiis
553 4372 763 4435 auctis
827 4371 1089 4436 Erasmi
1142 4371 1583 4437 Roterodami.
1671 4372 2245 4460 Apophthegmata
2298 4371 2503 4438 Grae-

236 4476 366 4538 ciae
406 4474 819 4561 Sapientum,
874 4475 1228 4563 interprete
1271 4474 1564 4540 Erasmo.
1655 4474 1937 4557 Eadem,
1983 4495 2100 4560 per
2140 4473 2504 4539 Ausonium
