3209 5184
602 470 724 536 124
1388 484 1827 535 an'rEN‘rIAE
1871 485 2092 535 rAnso

766 638 961 703 Felix
1004 639 1386 705 criminibus
1429 637 1647 704 nullus
1692 660 1999 726 umquam
2045 639 2168 704 erit
2215 639 2348 704 diu.

761 739 958 805 Felix
1002 749 1100 804 est
1141 763 1271 805 non
1314 742 1427 828 qui
1472 740 1735 806 videtur
1779 763 1922 806 esse
1963 739 2131 822 aliis,
2179 740 2296 805 sed.
2347 742 2460 828 qui
2504 741 2652 806 sibi.

601 849 719 908 135
765 841 962 907 Felix
1006 841 1269 906 videtur
1315 843 1427 928 qui
1470 841 1643 906 mala
1688 843 1947 928 ignorat
1990 864 2128 908 sua.

765 943 1002 1008 Ferme
1046 942 1358 1028 fugiendo
1405 945 1473 1008 in
1515 944 1732 1009 media
1775 943 1913 1009 fata
1957 944 2329 1009 incurritur.

767 1044 958 1109 Ficta
1003 1044 1133 1109 cito
1175 1044 1262 1108 ad
1305 1053 1604 1110 naturam
1647 1045 1964 1110 redierint
2008 1067 2214 1109 suam.

762 1146 1091 1211 Fortunae
1134 1146 1388 1211 invidia
1431 1156 1550 1230 est,
1598 1148 1657 1211 si
1701 1148 1845 1235 quis
1890 1147 2213 1213 immerito
2258 1148 2480 1212 miser.

765 1248 1059 1313 Fortuna
1099 1247 1202 1312 ius
1247 1248 1317 1311 in
1359 1247 1680 1332 homineS,
1725 1269 1936 1313 mores
1980 1271 2110 1313 non
2155 1247 2371 1313 habet.

602 1356 724 1414 140
765 1348 1057 1415 Fortuna
1099 1370 1337 1434 magna
1382 1349 1646 1415 domino
1692 1360 1792 1415 est
1835 1351 2146 1414 servitus.

769 1451 1125 1516 Fortunam
1170 1451 1403 1538 cuique
1444 1473 1656 1516 mores
1702 1450 2081 1536 confingunt
2125 1451 2247 1515 sui.

767 1552 1060 1617 Fortuna
1102 1552 1322 1617 multis
1368 1552 1483 1617 dat
1523 1552 1742 1635 nimis,
1787 1551 1951 1617 nulli
1997 1552 2178 1618 satis.

766 1654 1059 1719 Fortuna
1100 1676 1217 1718 nos
1264 1655 1491 1738 vincit,
1534 1654 1666 1719 nisi
1706 1662 1844 1719 tota
1887 1654 2195 1719 vincitur.

766 1755 1059 1822 Fortuna
1103 1776 1232 1842 quo
1277 1777 1370 1839 se,
1418 1756 1645 1820 eodem
1695 1763 1761 1820 et
1804 1754 2079 1820 inclinat
2121 1754 2332 1822 favor.

605 1864 724 1922 145
772 1856 1066 1922 Fortuna
1109 1879 1233 1922 usu
1277 1856 1393 1922 dat
1434 1857 1659 1939 multa,
1707 1858 2032 1945 mancipio
2077 1856 2263 1923 nihil.

770 1958 1105 2045 Frequens
1172 1957 1466 2026 vindicta
1519 1980 1873 2046 paucorum
1929 1958 2152 2025 odium
2205 1959 2501 2047 reprimit
2516 2007 2534 2042 ,
2603 1959 2902 2024 omnium

1821 2060 2061 2126 irritat.

771 2160 1083 2228 Geminat
1125 2171 1485 2250 peccatum,
1531 2182 1724 2250 quem
1769 2161 1997 2228 delicti
2035 2183 2172 2247 non
2213 2159 2437 2249 pudet.

771 2263 1073 2330 Gemitus
1119 2264 1372 2331 dolores
1418 2263 1687 2346 indicat,
1733 2285 1866 2329 non
1909 2258 2254 2330 vindicat.¹

769 2365 1116 2432 Gladiator
1156 2367 1227 2430 in
1269 2387 1466 2432 arena
1510 2365 1855 2432 consilium
1899 2367 2099 2454 capit.

606 2473 728 2532 150
773 2464 1151 2533 Gloriosum
1195 2475 1293 2533 est
1333 2468 1499 2532 iram
1541 2468 1735 2532 amici
1778 2467 2106 2533 amicitiae
2151 2466 2331 2531 dare.

775 2566 1038 2636 Gradus
1083 2591 1123 2633 a
1165 2569 1419 2654 magnis
1462 2569 1537 2634 fit
1578 2567 1667 2633 ad
1709 2570 1960 2636 maiora
2004 2570 2287 2658 saepius.

780 2667 1107 2736 Graviora
1151 2669 1471 2757 quaedam
1516 2680 1669 2736 sunt
1711 2670 2002 2737 remedia
2044 2670 2375 2761 periculis.

775 2770 1064 2837 Gravius
1108 2772 1432 2857 irascitur,
1479 2774 1591 2860 qui
1638 2771 1817 2860 quod
1862 2773 2039 2839 dolet
2082 2772 2205 2838 deo
2251 2772 2680 2838 commendat.

774 2874 957 2939 Haec
1000 2871 1342 2939 clementia
1383 2875 1750 2963 principem
1782 2875 1992 2961 decet,
2037 2883 2132 2959 ut,
2179 2896 2585 2963 quocumque
2614 2876 2899 2958 venerit,

662 3063 665 3067 .
1821 2978 2258 3043 mansuetiora
2301 2977 2519 3044 omnia
2560 2974 2780 3041 faciat.

612 3084 729 3142 155
774 3075 972 3142 Haud
1015 3079 1227 3143 minus
1271 3069 1489 3166 turpia
1533 3087 1687 3144 sunt
1730 3080 2015 3167 principi
2057 3079 2262 3145 multa
2306 3078 2652 3166 supplicia,
2699 3099 2899 3164 quam

1822 3181 2072 3246 medico
2115 3179 2320 3245 multa
2363 3178 2613 3262 funera.

775 3277 922 3343 Hoc
962 3281 1170 3365 magis
1217 3301 1511 3368 premere
1553 3281 1638 3346 ab
1682 3283 1802 3368 ira,
1849 3301 1976 3369 quo
2021 3279 2189 3347 iram
2230 3283 2553 3371 presseris
2597 3283 2838 3348 minus.

781 3577 899 3636 133
946 3578 1016 3635 F.
1194 3575 1315 3635 134
1362 3576 1461 3635 Gr.
1496 3575 1622 3633 Sen.
1654 3576 1722 3633 de
1750 3577 1952 3634 remed.
1987 3577 2117 3635 fort.
2153 3579 2253 3652 16,
2289 3579 2370 3638 10
2539 3576 2658 3637 135
2705 3578 2775 3635 F.
2811 3578 2894 3636 cf.

607 3662 732 3721 Sen.
765 3663 987 3737 Thyest.
1024 3660 1144 3721 783
1266 3661 1384 3721 136
1430 3661 1500 3719 F.
1531 3661 1643 3718 Liv.
1677 3661 1737 3734 8,
1770 3661 1873 3736 24,
1905 3662 1964 3720 4.
1999 3662 2077 3719 Cf.
2112 3680 2275 3738 supra
2304 3681 2354 3721 v.
2382 3661 2503 3722 567
2624 3663 2743 3722 137
2785 3665 2896 3722 Pn.

606 3748 732 3804 Sen.
768 3747 835 3803 de
864 3748 1019 3804 clem.
1055 3748 1111 3817 1,
1148 3747 1204 3816 1,
1239 3747 1275 3804 6
1306 3750 1589 3820 recidunt,
1621 3747 1765 3805 unde
1795 3747 2020 3805 Godofr.
2053 3748 2251 3822 aliique
2282 3765 2387 3805 scr.
2424 3751 2741 3806 reciderint

613 3831 732 3890 138
778 3832 848 3888 F.
882 3830 888 3836 ’
999 3831 1114 3890 139
1161 3831 1258 3888 Ps.
1293 3830 1419 3888 Seu.
1452 3833 1612 3906 epist.
1644 3833 1746 3906 36,
1780 3833 1815 3891 6
1966 3832 2089 3892 140
2131 3835 2228 3890 Ps.
2264 3833 2388 3890 Sen.
2422 3850 2574 3890 cons.
2610 3832 2674 3889 ad
2702 3831 2895 3908 Polyb.

611 3919 671 3989 6,
704 3916 741 3973 5
890 3915 1006 3973 141
1056 3916 1164 3973 Bo.
1199 3915 1360 3972 Corn.
1394 3916 1527 3990 Nep.
1561 3918 1673 3974 Att.
1706 3918 1783 3975 11
1953 3916 2071 3974 142
2117 3918 2217 3975 Ps.
2394 3917 2513 3977 143
2562 3919 2646 3976 Gr
2674 3934 2741 3974 ex
2770 3916 2893 3975 cod.

606 4001 774 4057 Palat.
832 4000 957 4058 Sen.
991 4000 1058 4056 de
1089 4008 1264 4059 const.
1297 4017 1410 4075 sap.
1447 4001 1546 4073 15,
1579 4001 1615 4058 3
1814 4002 1933 4060 144
1979 4002 2078 4060 Ps.
2277 4001 2396 4059 145
2442 4004 2541 4060 Ps.
2576 4002 2699 4059 Sen.
2732 4004 2898 4076 epist.

583 4088 644 4145 ·7
651 4087 710 4158 2,
744 4086 778 4145 7
955 4084 1075 4143 146
1120 4086 1231 4142 Ρη.
1265 4084 1392 4142 Sen.
1423 4085 1491 4142 de
1521 4085 1677 4142 clem.
1715 4086 1772 4158 1,
1804 4087 1864 4161 8,
1897 4088 1932 4146 6
2110 4086 2228 4145 147
2274 4087 2374 4146 Ps.
2408 4085 2559 4145 Caec.
2591 4085 2737 4143 Balb.
2770 4087 2892 4145 Par.

609 4173 710 4243 81,
739 4189 833 4247 pg.
866 4169 946 4227 42
1156 4169 1274 4229 148
1325 4170 1408 4227 Gr
1437 4188 1502 4227 ex
1531 4169 1651 4227 cod.
1682 4169 1848 4228 Palat.
2054 4172 2172 4231 149
2219 4173 2328 4231 Bo.
2363 4171 2491 4229 Sen.
2526 4174 2685 4248 epist.
2720 4171 2823 4244 22,
2860 4174 2892 4228 1

803 4253 927 4315 150
968 4257 1041 4313 R.
1073 4254 1199 4312 Seu.
1230 4255 1297 4312 de
1325 4257 1405 4313 ira
1435 4255 1495 4328 2,
1527 4254 1631 4329 34,
1662 4255 1703 4312 4
1920 4256 2035 4315 151
2082 4259 2193 4321 Ρη.
2226 4257 2353 4315 Seu.
2384 4257 2450 4314 de
2482 4257 2633 4314 clem.
2671 4256 2728 4328 1,
2765 4257 2823 4328 1,
2859 4257 2894 4314 7

813 4338 931 4398 152
977 4341 1074 4397 Ps.
1109 4339 1185 4397 cf.
1219 4340 1345 4397 Sen.
1378 4340 1561 4397 Medea
1590 4339 1715 4399 436
1748 4340 1828 4398 ed.
1863 4341 2072 4416 Peiperi
2290 4341 2409 4400 153
2458 4343 2524 4411 Q.
2558 4339 2711 4399 Caec.
2744 4341 2891 4398 Balb.

558 4487 563 4490 ,
609 4426 729 4482 Par.
764 4424 863 4500 64,
895 4443 989 4501 pg.
1024 4423 1104 4482 42
1282 4424 1402 4483 154
1449 4426 1548 4483 (ἕο.
1583 4426 1708 4482 Sen.
1741 4425 1808 4482 de
1838 4427 1994 4483 clem.
2030 4427 2085 4498 1,
2122 4428 2221 4501 16,
2256 4428 2288 4484 1
2454 4425 2573 4484 155
2620 4425 2729 4485 Ρη.
2763 4426 2892 4484 Seu.

612 4510 679 4566 de
708 4510 862 4567 clem.
899 4510 956 4583 1,
989 4508 1091 4583 24,
1129 4511 1161 4567 1
1341 4510 1459 4569 156
1507 4511 1591 4567 Gr
1622 4510 1679 4568 2.
1714 4510 1864 4569 Caec.
1898 4510 2041 4568 Balb.
2073 4512 2215 4571 Mon.
2251 4512 2310 4586 7,
2344 4513 2405 4586 1,
2436 4528 2528 4587 pg.
2566 4510 2643 4568 21

2843 4997 3205 5157 ,Q
