3209 5184
1123 418 1672 467 PROLEGOMENA.
2453 406 2538 469 43

192 606 203 627 ·
262 574 469 638 nensis
515 595 605 637 ex
649 571 940 659 pleniore
984 572 1341 661 exemplari
1385 571 1566 636 ducti
1601 593 1763 655 esse,
1808 570 2045 658 reliqui
2075 574 2541 637 sententiarum

263 673 531 764 amplius
580 683 844 739 centum
887 677 1204 739 iacturam
1236 673 1503 739 fecisse.

419 777 793 842 Occurrunt
837 785 1055 840 tamen
1085 774 1310 858 multa,
1357 797 1523 862 quae
1553 775 1924 858 admonent,
1970 785 2043 841 ut
2073 777 2542 865 circumspecto

264 880 497 944 iudicio
555 887 846 943 utamur:
905 900 972 941 v.
1016 879 1098 943 37
1143 876 1230 941 ad
1274 879 1549 942 verbum
1593 878 1770 942 idem
1816 887 1914 942 est
1958 900 2106 942 cum
2150 878 2543 944 Terentiano

263 982 544 1045 Andriae
590 981 653 1063 3,
700 982 760 1062 3,
806 982 910 1064 23,
957 1002 1190 1044 versus
1230 980 1333 1064 84,
1378 979 1636 1044 litterae
1677 980 1746 1043 B
1786 979 2078 1063 ultimuS,
2125 982 2397 1046 omissus
2445 992 2545 1047 est

263 1083 325 1145 in
374 1081 879 1147 Vindobonensi
944 1091 1008 1146 et
1067 1081 1153 1145 ad
1205 1081 1564 1146 Martinum
1629 1082 2058 1145 Dumiensem
2122 1081 2540 1167 referendus3

262 1193 593 1272 suspectus
645 1186 789 1271 ipse
830 1183 1042 1265 locuS,
1102 1205 1226 1269 quo
1270 1183 1340 1246 in
1382 1183 1522 1249 FV
1555 1182 1654 1247 illi
1699 1204 1929 1247 versus
1973 1185 2322 1271 perscripti
2366 1194 2538 1268 sunt,

262 1287 325 1356 in
375 1287 507 1349 fine
564 1283 817 1350 scilicet
875 1284 1236 1349 litterarum
1281 1285 1535 1349 A—M.
1626 1285 1972 1349 Praeterea
2015 1286 2083 1348 in
2126 1284 2250 1348 hac
2293 1286 2539 1350 codicis

263 1388 702 1479 Frisingensis
755 1385 1119 1474 appendice
1171 1395 1303 1451 tres
1348 1396 1689 1451 recurrunt
1744 1387 2137 1468 sententiae,
2194 1409 2354 1473 quas
2400 1409 2539 1451 eas-

195 1539 204 1548 .
263 1489 402 1553 dem
458 1489 772 1554 librarius
828 1490 960 1551 iam
1004 1511 1201 1574 supra
1244 1490 1625 1575 scripserat:
1682 1511 1768 1552 v..
1795 1489 1876 1553 89
1920 1489 2235 1572 integrior
2279 1498 2431 1553 ante
2474 1511 2540 1552 v.

267 1592 395 1673 107,
442 1615 508 1656 v.
562 1591 683 1654 182
727 1589 1131 1657 emendatior
1172 1599 1321 1678 post
1363 1613 1428 1653 v.
1479 1590 1621 1673 193,
1669 1613 1733 1654 v.
1765 1591 1891 1655 248
1934 1591 2193 1673 iterum,
2240 1591 2355 1654 sed
2402 1612 2539 1655 cor-

259 1703 479 1781 ruptus
525 1692 769 1777 legitur
813 1702 958 1779 post
987 1715 1052 1757 v.
1083 1692 1229 1756 262.
1317 1690 1503 1756 Alias
1536 1693 1895 1762 sententias
1936 1693 2007 1756 in
2036 1690 2370 1756 codicibus
2402 1714 2548 1765 mu2

191 1797 197 1802 ’
261 1795 456 1860 tilatis
514 1803 809 1859 servatas
868 1795 1084 1858 scriba
1129 1793 1604 1878 FrisingensiS,
1665 1816 1810 1857 cum
1867 1794 2003 1857 suis
2061 1793 2219 1857 locis
2267 1815 2427 1880 quos
2473 1796 2540 1857 in

259 1895 384 1959 illis
429 1895 730 1960 obtinent
773 1894 1189 1980 neglegentia
1229 1897 1734 1982 praetermisset,
1780 1894 1933 1958 huic
1976 1895 2327 1982 appendici
2370 1897 2539 1960 inse-

259 2000 413 2081 ruit,
474 2019 541 2061 v.
585 1998 668 2061 47
727 1995 898 2060 inter
954 2018 1019 2078 v.
1067 1998 1148 2060 79
1194 2006 1256 2060 et
1302 1997 1415 2079 80,
1473 2019 1538 2060 v.
1586 1997 1710 2060 217
1769 1998 1943 2061 inter
2000 2020 2065 2059 v.
2111 1997 2239 2061 225
2283 2006 2347 2060 ct
2390 1997 2538 2079 226,

260 2122 317 2162 v.
361 2100 487 2163 241
533 2099 708 2162 inter
750 2120 814 2161 v.
860 2097 986 2162 263
1032 2107 1096 2162 et
1138 2099 1285 2180 264,
1339 2119 1404 2160 v,
1450 2098 1575 2162 233
1619 2100 1791 2163 inter
1835 2120 1900 2161 v.
1945 2098 2070 2162 276
2117 2106 2182 2161 et
2223 2099 2369 2162 277.

420 2202 496 2266 Si
550 2201 833 2286 denique
890 2221 1195 2285 quaeraS,
1254 2223 1410 2264 num
1465 2221 1533 2263 se
1590 2198 2043 2263 commendent
2096 2202 2277 2286 ipsae
2319 2199 2542 2287 lepore

258 2312 361 2366 aut
405 2301 675 2366 dicendi
716 2323 991 2386 genere,
1037 2300 1231 2387 longe
1273 2300 1584 2388 plurimas
1631 2302 1991 2366 simillimas
2038 2322 2180 2365 csse
2225 2300 2537 2365 Publilia-

261 2405 355 2466 nis
412 2403 610 2468 facile
666 2400 1151 2468 concedendum
1198 2412 1330 2485 est,
1388 2403 1481 2467 ita
1524 2412 1779 2487 tamen,
1837 2412 1910 2468 ut
1952 2400 2297 2489 nonnullae
2341 2404 2537 2467 inter—

260 2514 552 2589 currant,
599 2526 765 2592 quae
807 2504 1236 2592 paraphrases
1282 2506 1752 2569 sententiarum
1794 2507 2210 2570 metricarum
2255 2527 2397 2569 esse
2440 2506 2536 2569 vi-

263 2606 554 2672 deantur.
645 2606 983 2671 Sententia
1026 2607 1108 2671 83
1154 2628 1258 2670 ex.
1303 2628 1403 2691 gr.

745 2766 909 2825 Bene
952 2767 1156 2825 audire
1198 2768 1445 2825 alterum
1476 2767 1908 2839 patrimonium
1950 2771 2046 2826 est.

259 2912 486 2977 ultima
527 2911 783 2978 litterae
825 2913 894 2976 B
935 2913 1006 2976 in
1050 2911 1192 2976 cod.
1239 2911 1440 2975 Vind.
1487 2934 1682 2998 quam
1725 2911 2132 2977 Ribbeckius
2176 2913 2349 2977 inter
2370 2927 2536 2998 'pro-

264 3014 442 3079 batas
484 3011 741 3079 rettulit
783 3015 879 3078 sic
921 3013 1330 3078 emendatam

599 3173 771 3232 Bene
814 3167 1023 3251 [vulyo]
1072 3173 1276 3232 audire
1320 3178 1400 3231 est
1444 3173 1690 3232 alterum
1720 3175 2168 3247 patrimonium,

261 3320 704 3407 interpretatio
758 3320 974 3406 potius
1021 3341 1085 3382 v.
1130 3318 1253 3384 217
1300 3318 1578 3383 dicenda
1623 3321 1766 3384 erit.
1854 3319 1958 3383 Of.
2010 3309 2234 3384 versus
2288 3341 2540 3406 quoque

262 3442 323 3482 v.
370 3422 486 3485 141
545 3430 613 3484 et
655 3442 721 3484 v.
772 3421 892 3486 165
906 3470 924 3504 ,
972 3420 1238 3486 ultimus
1294 3420 1549 3485 litterae
1592 3420 1677 3488 E.
1764 3421 1988 3502 Quare
2043 3423 2139 3484 sic
2195 3423 2535 3485 existimo:

262 3521 802 3587 vindicandas
861 3545 1038 3588 esse
1101 3523 1242 3588 has
1309 3524 1769 3605 sententias
1826 3522 2221 3604 Publilio,
2291 3522 2539 3587 donec

261 3634 391 3689 aut
435 3625 801 3690 externis
846 3635 979 3689 aut
1024 3626 1374 3691 internis
1415 3625 1906 3710 argumentis
1939 3625 2325 3710 probetur
2358 3645 2536 3687 con-

262 3737 378 3790 tra
392 3728 625 3810 rium3
671 3711 1046 3814 praevalere
1089 3727 1353 3812 quidem
1390 3727 1985 3814 praesumptionem
2014 3726 2292 3811 originis
2316 3726 2538 3791 Publi-

264 3826 471 3892 lianae
488 3877 505 3909 ,
566 3827 685 3893 sed
739 3827 1078 3893 librarium
1136 3828 1380 3893 codicis
1426 3828 1516 3910 F,
1577 3849 1726 3891 cum
1770 3850 1855 3892 ex
1898 3828 2154 3894 duobus
2200 3827 2537 3893 codicibus

264 3932 614 3995 sententias
660 3939 1057 4013 contexeret,
1103 3929 1209 3994 hic
1253 3928 1389 3993 illic
1432 3928 1686 4016 lapsum
1731 3951 1894 3995 esse.

424 4034 494 4117 5)
542 4032 725 4097 Cum·
751 4033 1142 4097 vetustiores
1186 4030 1440 4095 codices
1486 4031 1792 4096 desinant
1831 4034 1900 4096 in
1932 4032 2252 4097 decimam
2281 4041 2536 4096 senten-

263 4135 415 4197 tiam
458 4133 717 4198 litterae
746 4133 832 4212 N,
880 4136 1009 4198 iam
1052 4143 1347 4198 nostrum
1378 4135 1501 4197 erit
1532 4135 1928 4218 examinare,
1976 4135 2167 4221 quid
2212 4156 2534 4198 censen·
2595 4210 2602 4227 Ι

264 4235 436 4298 dum
494 4237 599 4299 sit
654 4234 746 4298 de
790 4234 1167 4300 versibus
1212 4236 1354 4300 387
1403 4257 1613 4322 seqq.
1704 4236 1900 4317 Quod
1941 4237 2029 4299 ad
2071 4235 2239 4299 hanc
2283 4244 2536 4298 senten-

261 4338 496 4401 tiarum
533 4346 785 4423 partem
827 4339 1086 4420 attinet,
1132 4339 1224 4415 ita
1263 4335 1348 4400 ad
1380 4361 1697 4401 summam
1743 4339 2080 4425 penuriam
2124 4334 2535 4423 suppellecti-

263 4435 340 4502 lis
396 4439 659 4503 criticae
714 4438 964 4505 redacti
1016 4461 1271 4521 sumus,
1328 4446 1402 4507 ut
1456 4441 1665 4508 omnis
1721 4461 1916 4506 causa
1970 4439 2158 4529 quasi
2198 4460 2328 4504 uno
2371 4446 2540 4504 teste
