3209 5184
699 458 782 528 20
1570 472 2116 527 PRoLEeoMENA.

699 633 866 699 liber
920 632 1471 721 proverbiorum’,
1529 634 1573 696 i.
1632 655 1687 696 e.
1744 634 2104 698 sententiae
2160 629 2463 723 Publilii,
2526 629 2760 716 quibus
2818 626 2988 693 aliae

574 728 577 733 ’
697 745 916 800 tamen
959 736 1359 822 irrepserunt
1403 756 1487 798 ex
1527 734 1675 799 aliis
1707 734 2082 799 auctoribus
2115 732 2516 819 desumptae.
2591 731 2738 795 Hoc
2766 739 2986 795 autem

695 838 766 901 in
810 836 1035 901 codice
1080 834 1412 919 singulare
1457 844 1589 919 est,
1650 834 1823 923 quod
1867 835 1990 901 sub
2034 836 2229 899 finem
2272 832 2768 920 proverbiorum
2811 831 2986 895 litte-

696 960 808 1002 rae
866 937 930 1003 V
963 937 1205 1022 viginti
1248 937 1386 1000 fere
1430 938 1790 1001 sententiae
1835 937 2219 1001 subiunctae
2264 944 2445 1018 sunt,
2505 936 2745 1022 partim
2789 932 2987 1021 pede-

699 1050 898 1122 stres,
957 1038 1182 1103 decem
1226 1037 1670 1122 Publilianae,
1717 1038 2101 1125 mediusque
2143 1037 2244 1101 his
2290 1039 2571 1102 insertus
2618 1057 2849 1099 versus
2898 1035 2989 1119 (si

698 1139 889 1206 modo
932 1162 1163 1204 versus
1211 1141 1334 1225 est)
1381 1149 1645 1205 nostrae
1691 1139 1997 1205 editionis
2043 1139 2201 1223 638,
2247 1138 2575 1226 prioribus
2622 1135 2987 1202 editoribus

698 1246 982 1326 ignotus.

866 1343 1006 1407 Iam
1050 1364 1285 1427 agmen
1333 1341 1639 1407 claudant
1683 1344 1731 1407 ii
1776 1343 2056 1427 codices,
2106 1344 2217 1429 qui
2260 1365 2300 1406 a
2343 1340 2670 1429 prioribus
2713 1338 2990 1405 Publilii

699 1442 1055 1509 editoribus
1101 1443 1384 1509 adhibiti
1428 1453 1624 1529 sunt„

870 1544 1147 1610 Codex
1192 1544 1542 1628 Erasmi,
1591 1547 1770 1610 cuius
1817 1546 1900 1609 ad
1946 1546 2142 1609 fidem
2172 1547 2313 1631 ipse
2359 1544 2712 1610 editionem
2741 1544 2987 1631 prinei-

699 1669 845 1735 pem
892 1648 1167 1711 curavit.
1244 1647 1415 1710 Eum
1461 1668 1604 1711 esse
1650 1669 1735 1711 ex
1777 1650 1881 1729 iis,
1930 1670 2088 1734 quos
2132 1647 2468 1711 Bentleius
2515 1667 2599 1711 ex
2639 1645 2988 1711 Cantabri-

695 1750 844 1833 giae
885 1747 1303 1813 bibliothecis
1349 1749 1588 1836 petitos
1633 1750 1776 1836 ipse
1819 1752 2134 1832 versavit,
2181 1748 2375 1812 valde
2419 1750 2561 1812 veri
2605 1747 2815 1812 simile
2860 1756 2987 1811 est.

867 1849 1143 1915 Codex
1185 1848 1805 1934 PanthaleoniS,
1855 1853 2160 1938 ‘scriptus
2206 1859 2358 1914 ante
2401 1849 2650 1936 aliquot
2695 1847 2985 1930 saecula,

698 1951 968 2039 pulvere
1013 1959 1078 2014 et
1120 1950 1314 2014 tineis
1360 1949 1498 2014 fere
1541 1955 1932 2039 corruptus’,
1978 1962 2050 2017 ut
2095 1954 2236 2041 ipse
2278 1951 2439 2016 dicit
2482 1953 2551 2015 in
2580 1949 2992 2038 praefatione

699 2054 1003 2119 editionis
1049 2074 1219 2117 anno
1272 2052 1434 2117 1544
1476 2053 1546 2116 in
1589 2052 1799 2117 lucem
1847 2055 2139 2118 emissae.

869 2152 1019 2216 Duo
1065 2152 1382 2218 codices
1416 2152 1498 2218 G.
1533 2153 1938 2237 Fabricii,
1984 2157 2054 2219 in
2085 2178 2357 2242 quorum
2389 2155 2593 2220 altero
2624 2154 2994 2219 Proverbia

698 2254 984 2320 Senecae
1040 2253 1350 2319 videntur
1404 2256 1650 2344 scripta
1695 2256 1927 2340 fuisse3
1959 2256 1966 2261 ’
1993 2256 2271 2322 alterum
2315 2257 2418 2320 his
2464 2257 2687 2321 verbis
2733 2256 2991 2341 signifi-

698 2357 904 2420 cavit:
962 2358 1532 2442 ‘manuscriptum,
1579 2358 1649 2421 in
1696 2380 1820 2446 quo
1866 2357 2215 2424 multorum
2258 2359 2568 2424 collectae
2612 2366 2795 2422 erant
2837 2379 2994 2421 sen-

695 2458 989 2522 tentiae'.

867 2557 1208 2622 Codices
1266 2558 1657 2643 Palatini,
1718 2561 1802 2625 ad
1860 2584 2018 2649 quos
2066 2562 2387 2628 Gruterus
2431 2562 2791 2627 identidem
2835 2584 2992 2647 pro-

697 2669 910 2743 vocat,
957 2659 1215 2724 saeculo
1246 2660 1445 2726 XIII.
1478 2661 1585 2725 vel
1619 2662 1807 2727 XIV.
1855 2686 1985 2729 non
2028 2667 2420 2730 vetustiores
2467 2663 2777 2728 censendi
2806 2673 2994 2746 sunt,

699 2763 868 2826 sicut
912 2760 1243 2845 colligitur
1289 2783 1372 2827 ex
1417 2763 2053 2851 interpolationibus.
2142 2768 2392 2831 Horum
2437 2767 2640 2851 igitur
2671 2753 2801 2852 'ope
2833 2787 2993 2830 cum

696 2862 891 2927 facile
936 2883 1156 2927 carere
1200 2866 1544 2950 possimuS,
1590 2888 1757 2930 unus
1803 2876 2087 2949 tantum,
2136 2869 2249 2954 qui
2293 2868 2644 2952 indagetur
2687 2878 2752 2931 et
2794 2889 2995 2932 accu-

694 2966 899 3028 ratius
949 2966 1346 3049 excutiatur,
1406 2989 1536 3032 non
1579 2967 1773 3055 plane
1817 2967 2128 3054 indignus
2175 2979 2304 3051 est,
2363 2991 2510 3034 eum
2555 2970 2733 3053 dico,
2795 2972 2998 3035 cuius

696 3067 1090 3152 mentionem
1135 3066 1294 3132 fecit
1340 3067 1662 3135 Gruterus
1707 3069 1789 3134 ad
1838 3092 1902 3133 v.
1935 3071 2038 3154 35,
2087 3080 2150 3135 et
2195 3092 2387 3157 quem
2432 3070 2708 3136 eundem
2753 3072 2823 3135 in
2868 3072 2997 3134 ad-

694 3168 1137 3234 notationibus
1183 3169 1269 3233 ad
1313 3192 1379 3236 v.
1425 3172 1508 3236 39
1553 3180 1618 3235 et
1669 3173 1787 3236 146
1833 3173 2203 3257 significare
2248 3172 2531 3237 videtur.
3072 3166 3078 3171 ⁶

868 3269 1140 3341 Codex
1200 3270 1268 3335 S.
1325 3271 1696 3353 Amandi‚
1755 3274 1936 3338 cuius
1996 3275 2292 3354 meminit
2349 3274 2713 3361 Dionysius
2761 3273 3000 3340 Godo-

694 3370 918 3435 fredus
964 3371 1032 3434 in
1077 3369 1364 3438 editione
1409 3373 1695 3438 Senecae
1738 3396 1906 3439 anno
1956 3376 2119 3441 1590
2163 3378 2460 3441 emissae.

868 3470 1206 3540 Codices
1264 3474 1622 3540 Bentleii
1667 3485 2003 3562 quattuor,
2052 3478 2514 3563 Cottonianus,
2563 3477 3001 3563 SidneianUS,

696 3580 906 3646 codex
937 3580 1166 3646 Caiani
1213 3588 1279 3642 et
1322 3577 1532 3641 codex
1577 3576 1837 3663 collegii
1871 3578 2110 3644 Trinit.
2144 3579 2453 3644 Cantabr.
2503 3590 2775 3667 excepto
2821 3603 2892 3644 v.
2931 3583 3004 3647 9.

699 3680 1026 3766 (quicquid
1076 3703 1193 3768 pro
1250 3702 1354 3761 eo,
1384 3668 1585 3765 ‘quod
1640 3680 1710 3742 in
1766 3678 2034 3767 reliquis
2089 3680 2277 3745 libris
2324 3683 2640 3769 scriptum
2686 3692 2785 3747 est
2829 3687 3010 3763 quid

693 3784 801 3846 vel
847 3784 1040 3868 quod)
1100 3781 1267 3845 nihil
1310 3782 1448 3844 fere
1492 3781 1649 3845 boni
1694 3781 1970 3863 habent,
2029 3784 2159 3846 nisi
2203 3783 2375 3867 quod
2421 3785 2491 3847 in
2535 3785 2778 3850 nostris
2825 3807 3004 3871 quo-

692 3905 819 3969 que
877 3882 1211 3948 codicibus
1266 3880 1577 3946 traditum
1624 3884 1729 3947 sit.
1821 3882 2139 3963 Quintum
2184 3883 2508 3967 codicem,
2564 3886 3006 3971 Leidensem,

693 3983 977 4048 Bentleii
1022 3986 1091 4048 in
1135 3986 1413 4069 gratiam
1460 3983 1784 4048 consuluit
1827 3983 2242 4049 Abrahamus
2291 3986 2688 4053 Gronovius.

864 4084 1137 4151 Codex
1191 4084 2039 4173 Gryphiswaldensis,
2098 4087 2667 4171 membranaceus,
2722 4092 3011 4159 saeculo

690 4189 828 4252 fere
873 4187 1063 4252 XIV.
1111 4188 1424 4274 scriptus,
1472 4186 1745 4252 collatus
1791 4210 1830 4251 a
1874 4189 2240 4256 Reinholdo
2286 4213 2457 4255 anno
2510 4192 2689 4273 1838,
2733 4191 3011 4260 nullius

694 4299 793 4353 est
837 4290 1051 4377 pretii.
