3209 5184
581 442 665 506 80
1220 454 1532 503 Punmnn
1578 453 1738 503 svm
1782 451 2240 502 senmurum.

579 617 705 676 210
750 608 1104 675 Hominem
1148 607 1433 696 experiri
1480 604 1686 670 multa
1729 614 2079 694 paupertas
2122 603 2325 686 iubet.

749 709 901 775 Heu
950 708 1135 776 dolor
1178 731 1374 797 quam
1417 711 1617 773 miser
1662 718 1793 793 est,
1840 708 1953 795 qui
1996 708 2066 771 in
2109 707 2428 771 tormento
2473 728 2700 772 vocem
2746 709 2882 771 nen

1999 809 2013 855 ν

748 911 899 978 Heu
949 933 1142 1004 quam
1188 910 1395 977 multa
1436 808 2217 998 paenitendahaffgurrunt
2261 910 2550 974 vivendo
2595 909 2744 975 diu!

744 1013 924 1101 (Heu
970 1035 1161 1102 quam
1209 1013 1517 1078 miserum
1566 1021 1667 1076 est
1712 1013 1961 1077 discere
2004 1011 2287 1094 servire,
2344 1011 2460 1075 ubi
2504 1013 2594 1076 sis
2639 1012 2876 1077 doctus

1799 1111 2185 1198 dominari!)

751 1216 975 1284 Habet
1018 1239 1208 1283 suum
1251 1237 1574 1281 venenum
1619 1214 1862 1280 blanda
1905 1214 2134 1279 oratio.

580 1327 701 1386 ‘215
749 1318 960 1385 Homo
1004 1320 1245 1385 totiens
1292 1319 1586 1400 moritur,
1640 1317 1937 1404 quotiens
1982 1316 2230 1381 amittit
2274 1338 2446 1381 suos.

751 1420 963 1488 Homo
1009 1442 1204 1509 saepe
1247 1421 1315 1484 in
1360 1418 1543 1485 aliud
1587 1418 1816 1501 fertur,
1862 1416 2044 1482 aliud
2089 1419 2351 1503 cogitat.

747 1523 1081 1589 Honestus
1127 1544 1346 1588 rumor
1388 1520 1670 1586 alterum
1714 1529 1812 1585 est
1854 1519 2339 1606 patrimonium.

752 1624 966 1690 Homo
1009 1645 1093 1689 ne
1138 1625 1225 1689 sit
1265 1623 1408 1688 sine
1453 1620 1697 1705 dolore,
1744 1621 2101 1688 Fortunam
2146 1621 2420 1686 invenit.

749 1726 1045 1792 Honeste
1092 1726 1317 1809 servit,
1366 1725 1478 1812 qui
1523 1722 1900 1788 succumbit.
1931 1723 2231 1810 tempori.

586 1835 711 1894 220
755 1827 967 1892 Homo
1014 1827 1194 1893 vitae
1237 1824 1703 1908 commodatus,
1749 1846 1879 1890 non
1923 1823 2199 1890 donatus
2244 1834 2362 1888 est.

757 1925 1044 1994 Heredis
1089 1926 1280 1993 fletus
1328 1926 1450 1992 sub
1495 1946 1772 2016 persona
1813 1927 1986 1991 risus
2032 1934 2150 1990 est.

755 2029 1084 2094 Heredem
1130 2028 1301 2094 ferre
1346 2027 1573 2095 utilius
1622 2038 1721 2093 est
1764 2049 1958 2116 quam
2002 2049 2332 2114 quaerere.

758 2130 1027 2198 Habent
1072 2130 1281 2196 locum
1326 2130 1661 2195 maledicti
1706 2129 1970 2194 crebrae
2012 2131 2298 2216 nuptiae.

583 2340 849 2384 comens
897 2343 941 2381 v.
979 2324 1339 2384 194-223:
1372 2326 1596 2383 PRBF
1620 2323 1835 2398 (TEC),
1880 2343 1932 2379 v.
1964 2323 2328 2380 224—229:
2360 2323 2508 2396 F(T)

750 2443 874 2502 210
921 2443 982 2514 0,
1034 2445 1191 2505 Vino.
1226 2445 1376 2501 Bell.
1421 2460 1509 2517 sp.
1542 2446 1596 2500 d.
1633 2443 1704 2517 5,
1739 2444 1816 2500 78
1990 2443 2107 2500 211
2157 2441 2264 2500 EC
2305 2444 2463 2501 Vinc.
2504 2443 2647 2501 Bell.
2689 2460 2778 2517 sp.
2812 2447 2874 2503 d.

586 2527 658 2599 4,
697 2527 813 2585 112
1002 2530 1108 2586 heu
1151 2546 1250 2604 pro
1292 2527 1451 2586 dolor
1481 2529 1566 2600 B,
1607 2529 1769 2586 dolor
1799 2547 1905 2586 om.
1940 2529 1986 2585 C
2163 2529 2447 2585 tormentis
2490 2529 2703 2585 Gruter

581 2611 704 2670 212
753 2611 857 2670 EC
1020 2616 1124 2670 inc.
1162 2613 1405 2670 homines
1437 2631 1485 2668 v.
1518 2613 1570 2669 d.
1624 2614 1781 2671 Vinc.
1820 2615 1964 2670 Bell.
1998 2630 2086 2686 sp.
2117 2615 2172 2669 d.
2208 2612 2270 2684 5,
2304 2611 2457 2685 102,
2487 2629 2575 2685 sp.
2607 2621 2727 2670 nal.
2763 2614 2871 2688 31,

578 2696 693 2770 88,
729 2708 1024 2756 occurrunt
1053 2698 1145 2756 diu
1177 2698 1372 2755 viventi
1407 2699 1478 2770 C,
1522 2700 1761 2756 viventes
1792 2699 1883 2755 diu
1913 2699 2176 2756 Palatini
2205 2699 2458 2755 Gruter-i.
2547 2696 2711 2766 Quam
2741 2717 2796 2773 p.
2832 2702 2871 2756 i.

577 2783 773 2840 viventi
805 2782 895 2838 diu
929 2799 1079 2841 unus
1107 2784 1416 2840 Palatinus
1588 2783 1710 2843 213
1756 2785 1866 2841 hoc
1894 2787 2023 2841 loco
2051 2784 2173 2853 ΡΒ,
2205 2799 2391 2856 supra
2424 2790 2560 2840 ante
2590 2802 2641 2840 v.
2671 2782 2795 2842 210
2823 2786 2881 2839 F

577 2871 780 2926 omisso
812 2882 982 2926 versu
1016 2867 1169 2938 209,
1200 2869 1362 2930 deest
1391 2872 1448 2924 in
1482 2870 1533 2925 R
1735 2876 1818 2925 est
1850 2887 1952 2926 om.
1985 2869 2052 2924 P.
2253 2868 2460 2924 discere
2490 2886 2595 2925 om.
2633 2866 2677 2923 0

578 2950 668 3008 ubi
698 2951 883 3010 PBG.-
928 2951 1017 3009 ubl
1050 2968 1158 3009 non
1192 2953 1263 3024 F,
1307 2953 1411 3010 nisi
1458 2954 1611 3010 Vinc.
1650 2955 1797 3011 Bell.
1828 2971 1915 3026 sp.
1949 2956 2002 3010 d.
2035 2954 2095 3023 5,
2126 2951 2207 3010 43
2381 2952 2574 3009 doctus
2616 2954 2689 3009 sis
2720 2953 2869 3011 dom.

595 3037 752 3094 Vinc.
783 3037 979 3096 doctus
1012 3037 1182 3094 fueris
1213 3037 1266 3093 d.
1304 3037 1350 3092 Ο
1516 3037 1639 3094 214
1685 3038 1785 3096 EG
1831 3040 1991 3095 Vino.
2022 3038 2173 3095 Bell.
2208 3054 2295 3110 sp.
2327 3040 2381 3094 d.
2414 3035 2487 3110 4,
2523 3038 2674 3108 168,
2706 3038 2760 3094 h.
2792 3041 2873 3094 vi·

578 3138 671 3179 rus
713 3122 990 3180 oecultum
1032 3121 1086 3178 b.
1132 3123 1405 3179 miseratio
1444 3124 1505 3178 Τ.
1598 3123 1688 3196 Cf.
1732 3125 1988 3181 Phaedr.
2036 3124 2103 3194 1,
2153 3123 2263 3194 19,
2298 3123 2328 3178 1
2386 3119 2609 3179 ‘habent
2649 3122 2873 3179 insidias

578 3207 810 3264 hominis
841 3205 1130 3265 blanditiae
1160 3206 1330 3263 mali)
1560 3207 1682 3264 215
1733 3209 1832 3265 EC
1876 3209 2033 3265 Vino.
2070 3208 2222 3264 Bell.
2257 3225 2341 3279 sp.
2372 3209 2428 3263 d.
2462 3207 2522 3280 5,
2559 3208 2675 3266 105

577 3290 739 3349 domo
790 3290 948 3350 Vino.
984 3292 1052 3348 B.
1094 3308 1181 3365 sp.
1228 3293 1283 3348 d.
1316 3291 1389 3364 4,
1426 3292 1543 3350 139
1746 3294 1954 3350 amittat
1985 3291 2045 3349 F
2253 3292 2373 3350 216
2419 3308 2578 3366 saepe
2623 3294 2677 3348 in
2720 3292 2870 3348 aliud

579 3375 751 3433 fertur
780 3374 1049 3435 Halmius
1078 3384 1131 3434 et
1158 3376 1476 3433 Machlius:
1522 3393 1734 3452 semper
1763 3377 1906 3435 aliud
1941 3377 2174 3434 suretinna
2198 3377 2268 3448 Ρ,
2302 3393 2517 3451 semper
2547 3377 2687 3434 aliud
2718 3376 2872 3433 sure-

580 3462 713 3519 tiuat
744 3461 833 3534 Β,
880 3477 1092 3537 semper
1140 3459 1282 3518 alind
1325 3461 1490 3518 suerit
1522 3462 1603 3532 Β,
1647 3478 1861 3537 semper
1902 3464 1956 3519 in
1998 3479 2059 3518 se
2099 3461 2242 3518 aliud
2273 3461 2382 3517 sert
2411 3462 2492 3526 E.-
2535 3478 2693 3537 saepe
2737 3462 2875 3519 [urit

576 3547 630 3604 iu
662 3545 807 3604 aliud
838 3550 963 3620 ipse
995 3549 1241 3617 conieci,
1275 3562 1430 3604 nunc
1461 3549 1651 3604 malim
1681 3564 1840 3622 saepe
1872 3546 2048 3603 fertur
2076 3548 2129 3603 in
2160 3546 2305 3604 aliud
2337 3549 2462 3604 coll.
2487 3564 2585 3620 pq.
2618 3547 2696 3602 59

578 3629 721 3688 eliud
750 3632 956 3706 cogitat
987 3635 1217 3690 restitui
1243 3648 1323 3690 ea:
1352 3632 1487 3689 PR.-
1532 3632 1585 3688 in
1617 3629 1847 3688 alterum
1877 3649 1925 3688 a.
1958 3650 2002 3689 c.
2041 3632 2169 3704 BF,
2203 3634 2385 3706 vulyo.
2449 3630 2536 3704 Cf.
2570 3630 2692 3688 563

579 3713 699 3773 217
747 3715 838 3789 Cf.
884 3735 931 3774 r.
966 3717 1065 3774 62.
1110 3715 1210 3774 83.
1254 3716 1395 3776 498.
1486 3718 1795 3775 Fabricius
1847 3734 1926 3774 ca·
1965 3733 2139 3774 mser.
2194 3716 2446 3773 ‘honesta
2488 3714 2623 3772 fama
2674 3712 2871 3774 melior

579 3801 798 3874 pecunia
842 3799 967 3857 est’.
1058 3801 1187 3876 (leq.
1222 3800 1414 3858 melior
1453 3810 1537 3858 est
1582 3802 1830 3877 pecunia)
2030 3805 2086 3858 in
2118 3803 2176 3858 F
2205 3800 2370 3872 infra
2410 3803 2621 3876 leyilur
2649 3809 2784 3873 post
2817 3822 2872 3859 v.

580 3882 702 3942 226
848 3886 1231 3960 patrimonium
1262 3885 1398 3942 BF:
1430 3895 1644 3960 patrum
1674 3888 1912 3945 omnium
1943 3888 2049 3945 PR
2222 3885 2344 3944 218
2391 3885 2480 3959 Cf.
2513 3905 2563 3943 υ.
2601 3885 2719 3943 153

582 3969 795 4026 fortuna
828 3969 930 4026 Fe
1078 3969 1199 4028 219
1245 3971 1413 4028 servit
1450 3971 1782 4036 Reme-usis,
1816 3975 1878 4042 G,
1911 3973 2226 4030 Erasmus.-
2269 3972 2468 4028 serviet
2495 3971 2717 4028 PRBF

578 4061 594 4082 ⁸
621 4053 703 4112 20
744 4070 790 4112 o.
824 4062 907 4112 est
955 4071 1067 4112 non
1114 4053 1167 4112 «l.
1221 4055 1375 4112 l'inc.
1412 4055 1557 4113 Bell.
1600 4074 1691 4129 sp.
1725 4059 1780 4114 d.
1815 4058 1888 4128 5,
1924 4057 2074 4128 104,
2115 4064 2201 4114 est
2243 4074 2350 4113 om.
2401 4057 2555 4113 Vino.
2587 4056 2660 4112 B.
2689 4072 2779 4128 sp.
2809 4059 2868 4113 d.

579 4140 651 4212 5,
686 4137 824 4196 112.
868 4156 955 4214 sp.
998 4147 1117 4198 nul.
1162 4139 1276 4210 31,
1314 4139 1430 4198 102
1463 4139 1630 4216 (101)
1701 4195 1710 4204 ,
1801 4141 2211 4200 commendatur
2249 4143 2336 4212 R,
2380 4140 2783 4198 commendatus
2828 4142 2876 4200 C

746 4223 863 4284 221
916 4225 1133 4284 Gellius
1166 4225 1266 4296 17,
1302 4224 1377 4281 14
1552 4225 1768 4284 heredis
1799 4227 1961 4284 fletus
1993 4227 2065 4290 U,
2093 4244 2170 4296 π,
2204 4227 2676 4299 Bamberyensis:
2707 4226 2870 4283 heres

577 4309 736 4368 lictus
766 4311 811 4368 1.
983 4309 1104 4366 222
1152 4309 1240 4382 Cf.
1276 4329 1323 4368 r.
1354 4309 1478 4370 323
1663 4314 1801 4370 scire
1833 4313 2118 4370 Εναςιιιιε
2285 4312 2569 4368 honestius
2601 4327 2752 4368 unus
2780 4326 2866 4368 eae

576 4394 863 4454 Palatinis
892 4395 1133 4454 Gruter-i
1323 4393 1446 4454 223
1492 4394 1672 4454 locum
1707 4396 1760 4452 B
1787 4413 1905 4454 sec.
1939 4416 2012 4455 ιιι.
2044 4413 2173 4470 sup.
2203 4413 2317 4453 scr.
2501 4394 2780 4452 maledicte
2819 4395 2872 4452 Β

744 4478 963 4538 crebere
996 4480 1069 4548 R„
1100 4479 1292 4538 crebre
1324 4480 1409 4538 1¹⁶

2933 2495 2976 2526 Χ.
