3209 5184
614 485 731 551 138
834 553 843 562 ,
1518 497 1613 549 ΒΕ
1659 499 1987 550 meamus.

652 661 747 719 19.
796 657 1037 718 Omnes
1084 651 1365 720 infantes
1409 661 1584 719 terra
1628 651 1838 720 nudos
1886 653 2167 744 excipit:
2226 677 2355 722 non
2399 663 2463 722 te
2507 655 2710 742 pudet
2755 678 2896 723 sor—

801 751 1019 820 didius
1068 754 1293 820 vivore
1338 775 1529 843 quam
1574 753 1802 820 nasei?

652 863 748 924 20.
797 855 980 938 Quid
1025 853 1280 922 dulcius
1327 878 1519 943 quam
1563 855 1803 922 habere
1850 857 2224 944 (amicum),
2281 879 2426 924 cum
2472 879 2597 945 quo
2640 857 2892 925 audeas

798 966 872 1024 ut
916 965 1130 1024 tecum
1174 958 1392 1024 omnia
1435 958 1531 1024 sic
1574 956 1800 1046 loqui‘?

648 1067 746 1125 21.
794 1059 1175 1146 Magnarum
1221 1058 1461 1126 virium
1507 1069 1607 1126 est
1651 1058 1997 1148 neglegere
2043 1058 2426 1127 laedentem.

649 1169 748 1227 22.
798 1159 980 1243 Quid
1024 1161 1114 1227 sis
1161 1161 1452 1246 interest,
1502 1183 1629 1228 non
1675 1161 1833 1250 quid
1876 1158 2199 1228 habearis.

651 1269 749 1330 23.
798 1261 1103 1328 Nondum
1149 1260 1311 1328 felix·
1356 1284 1445 1345 es,
1493 1264 1548 1329 si
1594 1283 1723 1328 non
1766 1270 1831 1329 te
1876 1261 2069 1329 turba
2113 1261 2436 1329 deriserit.

650 1369 749 1430 24.
799 1363 868 1430 Si
915 1364 1017 1430 vis
1064 1362 1293 1430 beatus
1339 1386 1503 1450 esse,
1549 1364 1767 1452 cogita
1808 1362 1930 1430 hoc
1975 1364 2288 1453 primum:
2337 1364 2696 1433 Contemne
2742 1389 2896 1434 eon-

802 1466 1023 1531 temni.

648 1573 745 1633 25.
796 1568 1181 1656 Priusquam
1210 1567 1574 1656 promittas,
1607 1565 1951 1651 deliberes,
1986 1577 2051 1634 et
2080 1587 2226 1633 cum
2255 1568 2631 1662 promiseris
2663 1555 2934 1634 facias?

651 1675 748 1736 26.
796 1668 874 1733 Id
929 1689 1119 1756 agas,
1183 1677 1255 1735 ut
1300 1690 1381 1734 ne
1426 1669 1572 1758 quis
1618 1668 1850 1735 merito
1895 1677 2006 1736 tuo
2053 1676 2116 1735 te
2161 1668 2394 1735 oderit.
2486 1667 2636 1735 Etsi
2678 1667 2900 1736 nullos

800 1770 1098 1837 inimicos
1145 1770 1267 1838 tibi
1313 1769 1513 1836 faeiat
1558 1771 1816 1854 iniuria,
1863 1769 2102 1837 multos
2149 1769 2309 1838 facit
2353 1770 2625 1837 invidia.

652 1879 750 1938 27.
798 1870 1230 1939 Solitudinem
1276 1873 1551 1960 quaerit,
1600 1872 1712 1961 qui
1759 1870 1902 1938 vult
1947 1893 2092 1940 eum
2137 1872 2598 1940 innocentibus
2647 1871 2906 1938 vivere.

650 1981 749 2040 28.
799 1973 1103 2063 Optimus
1151 1973 1366 2062 (ergo)
1411 1975 1665 2040 animus
1711 1973 2182 2064 pulcherrimus
2233 1973 2342 2041 dei
2388 1973 2600 2040 cultus
2647 1982 2763 2038 est.

652 2083 748 2142 29.
794 2075 1180 2143 Abstinebis
1211 2074 1424 2143 alieno
1456 2077 1795 2162 sanguine,
1821 2074 2184 2143 abstinebis
2214 2075 2427 2144 alieno
2460 2075 2902 2142 matrimonio.

651 2185 749 2246 30.
794 2176 1168 2244 Praestabis
1225 2176 1603 2266 parentibus
1660 2179 2003 2266 pietatem,
2061 2178 2354 2265 cognatis
2400 2174 2905 2265 indulgentiam,

796 2279 1022 2346 amieis
1068 2277 1289 2364 fidem,
1336 2279 1636 2346 omnibus
1682 2279 2099 2368 aequitatem.

649 2387 749 2448 31.
796 2379 1146 2448 Devitabis
1191 2377 1646 2449 crudelitatem
1692 2389 1757 2447 ot
1801 2380 2167 2448 ministram
2211 2377 2615 2449 crudelitatis
2660 2379 2847 2447 iram.

778 2659 855 2718 19
902 2659 1101 2718 Malim
1130 2675 1312 2718 nonme
1344 2676 1472 2719 cum
1504 2659 1849 2720 Schenkelio
1999 2659 2272 2718 sordidius
2304 2659 2467 2721 codd·
2503 2662 2902 2720 recentiores:
2978 2727 2988 2740 ο

608 2745 804 2804 fortius
848 2748 1042 2819 optimi
1294 2745 1470 2802 vivere
1524 2761 1682 2820 quam
1732 2745 1877 2804 nasci
1931 2746 2090 2804 codd.
2134 2760 2292 2804 recc.
2335 2751 2390 2804 et
2434 2745 2522 2804 Ga
2562 2762 2738 2803 manu
2780 2761 2904 2804 sec.

607 2831 753 2889 nasci
785 2845 944 2906 quam
975 2829 1152 2887 vivere
1184 2830 1313 2888 rell.
1377 2828 1463 2903 Cf.
1499 2829 1633 2888 Sen.
1665 2831 1734 2888 de
1760 2831 1984 2904 provid.
2020 2830 2078 2902 6,
2105 2829 2140 2888 6
2174 2826 2363 2887 ‘Nemo
2400 2835 2503 2887 tam
2537 2845 2741 2905 pauper
2771 2830 2906 2888 vivit

607 2931 765 2992 quam
808 2921 965 2972 natus
1007 2913 1134 2972 est’.
1312 2913 1394 2974 20
1439 2914 1552 2974 Cic.
1596 2914 1758 2976 Lael.
1805 2915 1873 2986 6,
1907 2912 1985 2972 22
2040 2911 2201 2984 ‘Quid
2245 2913 2456 2972 dulcius
2503 2930 2663 2990 quant
2705 2913 2908 2972 habere

608 3000 824 3076 quicum
874 2999 1051 3057 omnia
1080 2997 1274 3056 audeas
1304 2999 1383 3056 sie
1413 2998 1564 3076 loqui
1596 3005 1657 3056 ut
1700 3006 1876 3058 tecum
1891 2998 1938 3056 Ῥ
1986 2997 2288 3056 Servandus
2320 3015 2455 3074 ergo
2489 3006 2570 3055 est
2602 2998 2749 3058 omni
2779 2997 2910 3057 dill-

608 3085 791 3158 genua
842 3100 964 3141 raro
1008 3084 1259 3140 inventus
1314 3083 1513 3142 amicus
1570 3084 1789 3143 addunt
1843 3084 2004 3142 codd.
2049 3097 2205 3142 rece.
2295 3083 2558 3156 Respicit
2607 3083 2909 3142 Ciceronis

607 3172 943 3227 sentenciam
985 3167 1117 3226 Sen.
1164 3172 1326 3242 epist.
1370 3169 1443 3244 3,
1477 3167 1543 3225 2:
1602 3169 1756 3226 ‘Cum
1799 3167 1890 3226 illo
1937 3165 2149 3240 (amico)
2204 3174 2309 3225 tam
2353 3166 2625 3226 audaciter
2675 3167 2909 3244 loquere

607 3269 764 3329 quam
810 3253 1031 3311 tecum'.
1207 3252 1282 3310 21
1334 3252 1466 3312 Sen.
1508 3255 1579 3312 de
1621 3255 1714 3311 ira
1758 3251 1828 3325 2,
1861 3252 1974 3325 32,
2009 3251 2045 3312 3
2106 3248 2303 3326 ‘Magni
2348 3252 2507 3309 animi
2550 3262 2634 3310 est
2676 3252 2907 3310 iniurias

607 3335 928 3413 despicere.’
1115 3335 1192 3395 22
1240 3337 1313 3394 sis
1345 3355 1450 3396 om.
1480 3339 1642 3398 codd.
1678 3343 1809 3396 vett.
1993 3335 2071 3394 23
2119 3337 2163 3394 si
2194 3335 2432 3394 nondum
2467 3334 2623 3394 turba
2656 3343 2711 3395 te
2744 3336 2902 3396 ‹limi-

605 3423 734 3480 serit
762 3422 995 3481 Haase,-
1024 3428 1276 3482 ceterum
1307 3428 1703 3482 tetrametrum
1735 3423 2092 3481 trochaicum
2122 3437 2236 3480 uon
2269 3436 2520 3498 agnosco
2639 3419 2719 3479 24
2753 3421 2905 3480 Con-

607 3515 786 3566 temne
827 3508 1097 3567 contemni
1128 3507 1446 3567 Proverbia
1480 3507 1558 3566 97
1601 3523 1786 3582 supra
1820 3522 1915 3583 pq.
1953 3505 2102 3566 106:
2148 3511 2531 3582 contempnere
2576 3508 2906 3582 contempni

607 3593 769 3652 codd.
803 3595 1026 3667 optimi,
1070 3594 1221 3651 uncle
1246 3591 1510 3668 sortasse
1540 3593 1709 3652 scrib,
1745 3592 2041 3649 Contemne
2075 3596 2125 3648 te
2158 3591 2431 3648 contemni
2602 3588 2683 3648 25
2733 3591 2911 3650 Sexti

605 3685 749 3736 sent.
785 3675 864 3736 85
908 3675 1169 3736 ‘Delibera
1212 3679 1522 3754 priusquam
1562 3695 1723 3754 agas,
1765 3683 1820 3734 et
1860 3683 2145 3752 antequam
2189 3690 2313 3751 agas
2357 3673 2583 3751 provide
2630 3674 2786 3752 quale
2829 3677 2906 3734 sit

610 3760 754 3836 quod
810 3761 1046 3820 facturus
1090 3761 1189 3820 es?
1447 3761 1525 3820 26
1584 3762 1785 3821 multos
1829 3767 2007 3819 tamen
2050 3759 2177 3818 iacit
2222 3759 2266 3818 S
2542 3757 2619 3818 27
2682 3768 2910 3836 quaerat

610 3847 771 3905 codd.
815 3861 962 3904 recc.
1222 3845 1300 3904 28
1346 3863 1481 3922 ergo
1524 3864 1630 3906 om
1677 3847 1839 3906 codd.
1885 3860 2065 3904 rece..-
2107 3843 2188 3920 cs.
2237 3843 2393 3918 ads
2443 3844 2520 3903 10
2719 3844 2906 3902 cultus

609 3931 887 3990 Proverb.
922 3929 960 3987 4
1002 3946 1184 4005 supra
1225 3948 1318 4006 pq.
1356 3931 1468 4004 90,
1509 3933 1687 3990 cultor
1729 3932 1974 3990 codices.
2039 3929 2195 3989 Seni.
2228 3929 2397 4004 Pyra.
2447 3946 2545 4004 ap.
2579 3928 2747 3988 Ioan.
2781 3930 2905 3988 Da-

607 4032 785 4074 masc.
822 4015 880 4087 9,
909 4032 1004 4092 pq.
1027 4013 1150 4074 640
1180 4011 1364 4072 θυσία
1395 4013 1479 4095 τῷ
1509 4012 1640 4096 θεῷ
1669 4007 1875 4094 γνώμη
1906 4000 2129 4092 ἀγαθή.
2193 4013 2278 4087 Cf.
2313 4013 2461 4072 Hor.
2496 4031 2679 4073 carm.
2706 4013 2766 4086 3,
2797 4014 2905 4088 23,

615 4102 689 4161 17
865 4098 943 4159 29
991 4098 1165 4158 alieno
1207 4100 1470 4176 sanguine
1516 4099 1807 4160 abstinebis
1839 4102 2169 4177 om.vu190,·
2220 4099 2323 4157 sed
2351 4097 2433 4174 cf.
2465 4098 2735 4157 Laetam.
2768 4101 2904 4157 inst.

612 4184 671 4257 5,
704 4186 781 4244 10
812 4182 1122 4256 ‘Quomodo
1154 4187 1294 4243 enim
1326 4186 1588 4260 sanguine
1622 4184 2013 4244 abstinebunt.
2089 4182 2407 4260 .qu0modo
2441 4182 2752 4260 pudicitiam
2788 4191 2910 4242 tue·

611 4270 871 4328 bunturi'
1046 4269 1128 4329 30
1172 4268 1565 4348 indulgentiam
1597 4271 1800 4366 amieis,
1834 4286 2051 4346 operam
2071 4267 2310 4366 civibus,
2343 4265 2502 4326 fldem
2538 4269 2695 4326 etiam
2729 4268 2906 4326 hosti·

610 4353 711 4413 hus
742 4354 806 4410 P.
896 4355 1080 4412 Isocr
1115 4355 1194 4413 ad
1220 4355 1456 4414 Demon.
1494 4355 1569 4412 16
1612 4370 1748 4424 τους
1790 4345 1898 4430 μὲν
1938 4339 2123 4424 θεοὺς
2173 4347 2399 4428 φοβοῦ,
2445 4368 2583 4424 τους
2617 4344 2679 4410 δὲ
2709 4353 2908 4429 γονεῖς

612 4434 773 4514 τίμα,
805 4454 942 4508 τους
975 4430 1036 4497 dt
1068 4435 1273 4512 φίλους
1303 4428 1610 4515 αἰσχύνου,
1642 4439 1762 4509 τοῖς
1796 4431 1859 4497 δὲ
1888 4429 2093 4516 νόμοις
2114 4433 2334 4496 πείθου
2450 4437 2529 4498 31
2577 4433 2903 4518 ministram]

615 4527 835 4583 rectius
865 4532 1088 4583 matrem
1120 4525 1395 4584 Proverb.
1428 4523 1508 4584 83
1536 4523 1810 4602 p9.105.
