3209 5184
1129 440 1672 490 PROLEGOMENA.
1997 412 2014 419 ’
2463 427 2542 489 41

288 619 418 660 nem
459 595 709 678 delabi,
765 597 954 680 quasi
998 593 1246 659 Seneca
1287 616 1420 659 non
1464 590 1923 681 solum‘nuper
1963 595 2367 677 additarum,
2429 594 2547 659 sed

287 700 551 762 omnium
593 708 818 764 auctor
848 706 1022 761 esset
1050 698 1539 761 sententiarum.
1629 697 1906 761 Accedit
1946 696 2120 783 quod
2151 696 2416 779 Seneca,
2461 696 2546 761 ab

287 799 672 885 Hieronymo
737 801 807 863 in
863 794 1233 884 catalogum
1289 799 1674 863 Sanctorum
1729 807 2028 885 receptus
2094 798 2177 863 ob
2234 797 2546 885 epistulas

284 900 442 983 illas,
499 923 661 987 quas
706 901 791 964 ad
833 901 1110 965 Paulum
1150 897 1513 986 apostolum
1557 898 1821 964 dedisse
1865 898 2284 984 credebatur,
2328 922 2545 966 mona-

286 1003 407 1066 chis
445 1001 652 1066 medii
694 1003 842 1066 aevi
886 1001 1103 1067 multis
1150 1001 1387 1066 litteris
1432 1003 1527 1066 ita
1573 1001 2066 1067 commendatus
2113 1012 2282 1085 erat,
2339 1011 2412 1066 ut
2454 1002 2547 1065 fa-

286 1103 415 1186 cile,
460 1104 783 1190 quidquid
828 1103 914 1167 ad
959 1102 1435 1189 philosophiam
1470 1102 1788 1167 -moralem
1831 1105 2204 1190 spectabat,
2253 1105 2388 1169 eius
2434 1126 2544 1167 no-

282 1208 426 1270 mini
466 1204 759 1270 adscribi
789 1207 1081 1292 potuisse
1110 1206 1235 1269 tibi
1264 1205 1682 1292 persuadeas.
1772 1204 2096 1292 Exemplo
2125 1208 2213 1270 sit
2248 1208 2387 1291 ipse
2417 1204 2545 1284 ille,

284 1309 382 1392 qui
432 1308 677 1371 dicitur
726 1305 897 1370 liber
952 1307 1033 1370 de
1088 1306 1398 1372 moribuS.
1487 1306 1726 1372 Utrum
1773 1307 2057 1373 Senecae
2115 1308 2548 1394 patrocinium

283 1408 593 1494 quoddam
658 1408 780 1472 hoc
833 1407 1202 1492 addiderit,
1270 1407 1444 1495 quod
1505 1430 1569 1471 v.
1621 1410 1654 1471 1
1702 1417 1766 1471 et
1808 1409 1852 1471 2
1895 1407 2165 1473 Publilii
2220 1430 2261 1471 a
2305 1408 2553 1473 Seneca

283 1510 457 1596 epist.
504 1510 579 1591 8,
627 1510 666 1573 8
713 1518 777 1573 et
822 1511 936 1591 94,
981 1510 1065 1575 43
1111 1509 1490 1592 laudantur,
1550 1532 1650 1573 an.
1680 1510 1896 1595 potius
1952 1509 2051 1574 illi
2109 1531 2337 1574 versus
2382 1509 2551 1573 hanc

282 1612 354 1677 ob
397 1633 657 1676 causam
699 1610 784 1675 ab
828 1611 1085 1675 homine
1130 1611 1409 1697 quodam
1454 1612 1646 1676 docto
1676 1612 1865 1676 initio
1896 1612 2091 1697 positi
2123 1610 2392 1693 fuerint,
2425 1633 2552 1696 quo

283 1714 551 1778 Senecae
593 1713 970 1777 auctoritati
1012 1711 1209 1776 fidem
1252 1711 1524 1778 adderet
1536 1714 1603 1798 ²¹⁸)
1620 1762 1638 1795 ,
1685 1712 1756 1777 id
1801 1715 1917 1777 vix
1960 1714 2171 1777 ausim
2215 1736 2332 1800 pro
2375 1722 2551 1777 certo

281 1804 649 1880 diiudicare.
734 1813 1071 1877 Postremo
1115 1812 1374 1878 silentio
1418 1837 1548 1879 non
1591 1813 2137 1901 praetereundum
2166 1824 2285 1898 est,
2331 1838 2552 1881 mona-

279 1917 420 1980 chos
464 1925 529 1979 et
574 1923 838 1979 sanctae
882 1914 1195 1978 ecclesiae
1239 1925 1478 2002 patreS,
1525 1938 1670 1980 cum
1699 1915 1972 1981 Publilii
2013 1918 2255 2003 pagani
2295 1926 2550 1981 senten-

278 2019 389 2082 tias
419 2018 682 2104 saepius
712 2018 784 2080 in
811 2039 1002 2081 usum
1036 2039 1223 2080 suum
1253 2027 1752 2100 converterent,-
1764 2040 1871 2081 eas
1902 2017 2183 2084 fortasse
2211 2041 2252 2081 a
2275 2017 2546 2099 Seneca,

277 2120 658 2184 christianae
710 2117 867 2182 fidei
921 2129 993 2181 ut
1046 2118 1364 2204 putabant
1406 2118 1709 2201 addicto,
1776 2116 1882 2181 vel
1927 2129 2102 2183 certe
2146 2118 2349 2184 Paulo
2392 2121 2550 2184 ami-

278 2222 550 2303 cissimo,
597 2221 923 2306 profectas
970 2241 1111 2283 esse
1154 2228 1440 2284 statuer’e
1481 2220 1815 2285 maluisse.

430 2325 536 2387 Ac
581 2322 743 2385 vicit
772 2322 932 2384 haec
961 2324 1308 2407 sententia,
1354 2323 1654 2408 quamvis
1685 2325 1774 2386 sit
1803 2319 1989 2385 falsa.
2077 2320 2305 2408 Neque
2336 2332 2553 2386 tamen

276 2424 637 2503 defuerunt,
669 2423 781 2508 qui
825 2424 1112 2487 incertae
1142 2426 1550 2488 coniecturae
1587 2422 1984 2488 diffiderent.
2063 2424 2146 2488 In
2173 2424 2401 2510 primis
2433 2425 2550 2487 mi-

275 2548 407 2589 rum
466 2524 730 2588 videtur
784 2524 1076 2588 codicem
1119 2525 1548 2590 Basiliensem
1604 2527 2030 2612 inscriptione
2072 2524 2266 2612 plane
2309 2547 2552 2605 carere,

276 2628 421 2690 item
467 2625 763 2690 codicem
806 2626 1315 2710 Frisingensem,
1361 2627 1960 2708 Vindobonensem,
2007 2629 2332 2715 epitomen
2370 2627 2551 2690 Pari-

273 2729 473 2791 sinam
519 2725 765 2790 saeculi
807 2726 1169 2810 undecimi3
1231 2729 1617 2815 saeculoque
1662 2728 1863 2793 XIII.
1909 2729 2295 2793 Vincentius
2339 2725 2551 2793 Bello-

274 2830 565 2909 racensis
611 2826 875 2893 easdem
918 2828 1062 2892 illas
1107 2830 1485 2912 sententias,
1533 2853 1700 2917 quae
1744 2833 1815 2894 in
1844 2830 2070 2895 codice
2097 2830 2552 2916 antiquissimo

273 2932 567 2995 Parisino
613 2928 900 2994 Senecae
943 2931 1425 3015 inscribuntur,
1473 2942 1538 2997 et
1582 2932 1986 2997 Publilianas
2034 2942 2098 2996 et
2141 2930 2551 3011 subditiciaS,

270 3034 451 3096 affert
491 3029 824 3117 tamquam
868 3054 943 3097 aa:
972 3036 1326 3115 proverbiis
1380 3034 2001 3119 Sapientiumff)
2045 3035 2319 3121 petitas,
2377 3031 2552 3096 haud

272 3135 520 3215 inscite,
566 3134 625 3197 si
672 3132 936 3218 quidem
982 3156 1091 3198 eas
1137 3158 1267 3199 non
1309 3137 1425 3199 uni
1458 3136 1710 3199 auctori
1738 3135 1967 3200 deberi
1995 3144 2171 3199 recte
2199 3132 2552 3199 intellexit.

432 3235 733 3298 Tertium
778 3233 1061 3321 denique
1103 3258 1311 3321 genus
1357 3245 1455 3300 est
1500 3258 1755 3318 eorum,
1813 3238 1960 3323 qui,
2007 3258 2153 3300 cum
2196 3233 2551 3299 Publilium

272 3336 658 3402 testimoniis
703 3345 998 3400 veterum
1041 3348 1379 3402 auctorum
1395 3388 1414 3421 ,
1462 3338 1779 3403 Senecam
1822 3338 2119 3403 codicum
2161 3337 2553 3401 auctoritate

275 3436 787 3503 commendatum
833 3437 1157 3520 viderent,
1204 3443 1674 3504 sententiarum
1718 3442 2037 3525 originem
2078 3440 2165 3503 ad
2209 3449 2554 3524 utrumque

270 3541 585 3606 referrent
631 3546 696 3601 et
741 3538 1054 3630 Senecam
1096 3564 1354 3629 quoque
1397 3542 1876 3628 philosophum,
1923 3542 2007 3605 de
2036 3565 2166 3628 qua
2192 3564 2265 3605 re
2292 3539 2554 3604 aliunde

272 3667 394 3708 non
451 3647 740 3721 constat,
796 3641 1030 3706 mimos
1084 3642 1192 3706 vel
1248 3652 1425 3708 certe
1480 3645 1837 3708 sententias
1893 3642 2256 3728 singulares
2301 3664 2554 3729 compo·

401 3885 459 3947 *)
496 3883 682 3932 Etiam
719 3880 927 3934 codicis
950 3884 1193 3934 Parisini
1217 3886 1353 3935 8049
1387 3885 1563 3949 prima
1598 3885 1898 3942 sententia,
1933 3880 2171 3947 Aufert-i
2193 3885 2375 3948 potest
2409 3880 2556 3948 quod

272 3969 399 4021 dari
423 3972 633 4036 potuit,
672 3990 738 4022 ex
762 3969 979 4023 Seneca
1016 3975 1103 4020 est
1136 3971 1426 4034 desumpta
1462 3970 1624 4033 epist.
1649 3971 1700 4031 8,
1729 3972 1807 4030 10,
1844 3969 1976 4019 item
2012 3969 2258 4019 secunda
2293 3984 2362 4018 ac
2385 3969 2555 4018 tertia

270 4077 333 4096 =
368 4073 421 4109 v.
463 4060 512 4107 1.
548 4062 581 4107 2
606 4062 839 4107 -nostrae
876 4055 1154 4108 editionis.

365 4140 459 4202 **)
496 4142 649 4197 Idem
694 4147 881 4192 tamen
929 4156 1037 4190 uno
1080 4138 1172 4189 vel
1217 4139 1396 4189 altero
1440 4138 1562 4189 loco
1599 4155 1634 4187 a
1667 4138 1889 4202 vulgari
1933 4138 2193 4203 opinione
2227 4154 2337 4188 non
2373 4154 2551 4188 reces-

270 4227 406 4276 sisse
456 4227 705 4287 videtur,
753 4243 838 4279 ex.
875 4242 958 4291 gr.
1000 4240 1151 4289 spec.
1193 4223 1365 4274 doctr.
1400 4226 1458 4283 4,
1501 4226 1623 4282 115,
1672 4224 1767 4272 ubi
1810 4222 2042 4288 legitur:
2097 4220 2193 4272 Ex
2227 4235 2384 4286 prov.
2420 4219 2552 4287 Sap.

270 4306 580 4374 Difficilem
624 4312 833 4373 oportet
874 4307 1068 4359 habere
1110 4321 1299 4358 aurem
1334 4304 1413 4357 ad
1446 4305 1701 4358 crimina.
1771 4304 1930 4358 Idem
1964 4303 2043 4357 ad
2079 4304 2364 4358 Lucilium
2399 4306 2555 4371 epist.

269 4398 314 4443 3.
350 4396 448 4444 etc.
520 4394 683 4458 Spec.
720 4393 865 4446 doct.
888 4398 937 4453 3,
966 4396 1057 4442 171
1098 4392 1266 4442 editio
1302 4394 1519 4442 Veneta
1558 4393 1690 4441 anni
1724 4395 1855 4443 1494
1891 4392 2086 4442 habet:
2124 4388 2221 4442 Ex
2245 4389 2556 4457 proverbiis

268 4474 520 4540 Senecae,
555 4475 811 4529 Nimium
845 4475 1165 4529 altercando
1198 4474 1405 4528 veritas
1438 4475 1739 4539 amittitur,
1772 4497 1840 4517 =
1875 4493 1928 4530 v.
1962 4478 2079 4526 416.
