3209 5184
587 456 671 519 84
822 463 840 482 ·
1058 491 1071 500 -
1220 470 1531 518 PUBLILII
1577 470 1735 519 sYRI
1780 470 2240 519 SENTENTIAE.

756 623 999 707 Iratusj
1043 645 1191 687 cum
1233 621 1319 686 ad
1362 645 1432 687 se
1475 622 1697 705 rediit,
1744 624 1873 688 sibi
1916 633 2055 688 tum
2097 623 2420 688 irascitur.

754 726 836 790 In
877 746 1096 792 amore
1140 717 1395 811 semper
1439 745 1635 789 causa
1679 723 1900 789 damni
1945 726 2296 812 quaeritur.

588 834 710 891 275
755 826 1050 892 Iocunda
1092 825 1348 890 macula
1392 836 1491 891 est
1536 848 1621 890 ex
1663 827 1914 911 inimici
1960 828 2298 913 sanguine.

755 929 836 993 In
879 928 1137 993 Venere
1181 939 1437 1013 semper
1481 926 1691 993 dulcis
1740 937 1839 992 est
1882 928 2231 993 dementia.

754 1034 825 1094 ln
866 1017 1126 1094 misero
1151 1028 1356 1100 facile,
1389 1029 1464 1093 fit
1506 1037 1737 1115 potens
1781 1029 2040 1094 iniuria.

753 1131 1116 1216 Interdum*
1139 1130 1338 1194 habet
1383 1128 1698 1195 stultitiae
1742 1140 1995 1218 partem
2038 1131 2341 1199 facilitas,

756 1233 1005 1298 Inertia
1049 1243 1147 1298 est
1191 1231 1434 1297 laboris
1481 1233 1838 1297 excusatio,

587 1343 711 1401 280
755 1335 1072 1399 Iniuriam
1116 1333 1377 1398 facilius
1422 1333 1625 1399 facias
1672 1356 1865 1421 quam
1909 1336 2102 1399 feras.

752 1438 968 1503 Iratus
1013 1434 1108 1501 nil
1151 1459 1282 1502 non
1326 1435 1618 1500 criminis
1661 1436 1951 1523 loquitur
1993 1435 2155 1503 loco.

753 1540 1047 1604 Incertus
1091 1539 1345 1603 animus
1392 1538 1740 1602 dimidium
1784 1549 1882 1604 est
1927 1540 2305 1626 sapientiae.

754 1642 835 1705 In
878 1642 1054 1727 turpi
1096 1661 1167 1704 re
1209 1662 1482 1728 peccare
1526 1640 1629 1704 bis
1675 1639 2052 1728 delinquere
2098 1650 2215 1706 est.

752 1743 1087 1828 Ingenuus
1131 1744 1382 1807 animus
1425 1764 1558 1806 non
1600 1741 1733 1807 fert
1776 1744 1954 1808 vocis
2001 1742 2294 1808 verbera.

585 1851 706 1911 285
751 1844 1074 1910 Iniuriam
1115 1845 1256 1931 ipse
1299 1843 1527 1928 faciaS,
1573 1844 1688 1910 ubi
1732 1867 1863 1909 non
1905 1844 2226 1910 vindices.

752 1946 820 2011 Is
863 1946 1134 2010 minimo
1181 1953 1330 2031 eget
1373 1946 1691 2029 mortalia,
1743 1948 1856 2033 qui
1889 1947 2238 2039 'minimum
2284 1949 2483 2036 cupit.

750 2047 1010 2112 Inimici
1053 2047 1138 2111 ad
1182 2049 1467 2112 animum
1506 2046 1728 2112 nullae
1772 2049 2169 2113 conveniunt
2211 2071 2458 2135 preceS.

751 2150 1030 2214 Inimico
1077 2150 1368 2214 extincto
1415 2151 1690 2214 exitium
1733 2148 2041 2215 lacrimae
2084 2174 2214 2217 non
2257 2152 2521 2216 habent.

746 2251 854 2316 Ibi
898 2272 1153 2339 semper
1199 2261 1298 2317 est
1340 2253 1636 2333 victoria,
1682 2252 1797 2316 ubi
1843 2252 2192 2318 concordia
2235 2263 2356 2319 est.

587 2360 711 2420 290
756 2353 893 2418 Iter
938 2362 1057 2436 est,
1106 2375 1510 2439 quacumque
1555 2352 1671 2418 dat
1713 2354 1892 2441 prior
1935 2356 2309 2440 vestigium.

750 2454 854 2519 Ibi
898 2463 1052 2542 pote
1094 2451 1313 2519 valere
1355 2450 1673 2544 populusz·
1703 2455 1819 2519 ubi
1862 2455 2042 2541 leges
2087 2456 2329 2525 valent.

750 2556 926 2621 Loco
973 2557 1370 2642 ignominiae
1416 2567 1515 2622 est
1559 2555 1739 2643 apud
1782 2553 2124 2642 indignum
2172 2558 2481 2644 dignitas,

752 2658 929 2723 Laus
973 2681 1147 2725 nova
1188 2661 1317 2724 nisi
1363 2661 1590 2742 oritur,
1640 2661 1835 2724 etiam
1879 2669 2067 2723 vetus
2114 2661 2456 2725 amittitur.

751 2760 961 2826 Laese
1007 2761 1249 2828 doloris
1293 2762 1655 2826 remedium
1699 2762 1949 2826 inimici
1994 2770 2093 2826 est
2138 2760 2344 2827 dolor.

582 2869 702 2927 295
748 2862 952 2934 Levis⁴
996 2872 1095 2928 est
1137 2862 1461 2930 Fortuna:
1510 2865 1640 2929 cito
1684 2865 1988 2951 reposcit,
2035 2864 2208 2949 quod
2252 2863 2454 2930 dedit.

744 2964 886 3029 Lex
931 2965 1242 3030 universa
1287 2975 1407 3047 est,
1455 2987 1620 3052 quae
1664 2966 1847 3031 iubet
1889 2966 2073 3029 nasci
2117 2975 2181 3030 et
2224 2967 2411 3031 mori.

587 3259 857 3303 comens
888 3262 936 3299 v.
972 3243 1336 3303 265-291:
1385 3245 1440 3300 F
1465 3241 1582 3320 (T),
1634 3263 1684 3300 v.
1721 3243 2083 3301 292—296:
2129 3243 2516 3320 PRBF(E'C)

450 3441 453 3446 .
577 3406 687 3462 ter,·
734 3397 816 3469 cf.
850 3416 901 3454 v.
935 3396 1055 3455 279
1242 3395 1362 3454 273
1408 3397 1569 3452 rediit
1598 3396 1932 3454 Bentleius:
1975 3396 2118 3452 redit
2148 3398 2205 3453 F
2372 3398 2493 3456 275
2538 3400 2736 3455 inimici
2769 3400 2872 3457 In-

571 3485 772 3558 yolst..·
814 3483 956 3538 imici
997 3484 1057 3538 F
1298 3480 1418 3538 278
1470 3481 1562 3555 Cf.
1607 3500 1658 3538 v.
1710 3481 1846 3539 180.
1936 3475 1972 3515 *
2004 3480 2277 3538 facilitas:
2309 3482 2534 3540 felicitas
2578 3486 2637 3539 F

574 3567 695 3625 279
744 3575 827 3623 est
879 3566 1080 3623 laboris
1121 3567 1392 3646 Inqolst..·
1435 3567 1472 3622 1.
1516 3574 1602 3622 est
1643 3568 1726 3636 F3
1782 3567 1862 3640 ef.
1908 3585 1961 3624 v.
2009 3557 2162 3623 272ι
2323 3566 2442 3627 281
2490 3568 2565 3624 nil
2605 3570 2874 3643 Inyolst..·

575 3651 708 3710 nihil
737 3654 797 3708 F
962 3651 1082 3709 282
1128 3648 1397 3728 incertus]
1440 3653 1550 3718 hoc
1593 3654 1713 3709 vult
1753 3653 2161 3709 dubitationem
2192 3655 2549 3725 principium
2580 3670 2707 3711 esse
2731 3656 2869 3726 plei-

573 3737 892 3807 losophiae‚
924 3744 987 3793 ul
1016 3740 1099 3804 ait
1133 3735 1332 3794 Cicero
1363 3740 1434 3794 de
1462 3740 1699 3795 deorum
1729 3744 1850 3794 nat.
1890 3738 1947 3809 1,
1983 3736 2053 3807 13
2100 3755 2176 3794 an
2209 3739 2503 3810 ingemunt,
2534 3745 2596 3795 ul
2624 3758 2677 3795 v.
2703 3737 2870 3797 284?

575 3821 809 3876 invictus
838 3821 1077 3894 Maehly
1275 3821 1549 3879 dimidium
1582 3822 1800 3880 Bothe.-
1846 3822 2142 3879 remedium
2175 3823 2232 3878 F
2239 3846 2257 3887 ,-
2307 3822 2389 3895 cf.
2422 3824 2615 3880 Plaut.
2649 3824 2866 3881 Pseud.

571 3903 729 3977 454,
773 3910 829 3962 et
869 3905 1035 3977 infra
1081 3923 1131 3962 v.
1168 3904 1289 3963 657
1492 3906 1615 3964 284
1658 3909 1953 3964 invectivae
1996 3906 2124 3981 (leq.
2169 3906 2508 3979 invectivas)-
2524 3909 2669 3965 vocis
2710 3926 2871 3964 num-

574 4006 733 4065 quam
766 3989 988 4076 libertas
1020 3998 1160 4046 tacet
1198 3991 1248 4047 T
1441 3990 1562 4049 286
1611 3994 1835 4050 Seneca
1867 3995 2033 4064 epist.
2071 3991 2213 4064 108,
2247 3993 2321 4047 11
2507 3993 2728 4049 minimo
2760 3993 2866 4051 Se-

573 4092 758 4133 neca.-
801 4075 1077 4131 minimum
1121 4076 1178 4131 F
1372 4074 1492 4133 288
1537 4076 1774 4134 Mallem
1818 4077 2051 4149 exitum,
2104 4080 2218 4133 nisi
2254 4085 2495 4133 metrum
2535 4087 2866 4150 respueret.

575 4159 665 4233 Cf.
707 4161 880 4220 Paul.
924 4161 1095 4218 Diae.
1130 4178 1199 4233 p.
1243 4159 1322 4218 81
1525 4160 1646 4219 291
1694 4170 1823 4235 pote
1866 4163 2113 4219 Gruter.-
2156 4169 2341 4235 potest
2380 4163 2437 4218 F
2629 4160 2750 4220 292
2800 4163 2865 4236 0,

589 4246 747 4303 Vino.
795 4245 947 4302 Bell.
992 4262 1082 4318 sp.
1126 4249 1181 4305 d.
1215 4244 1289 4317 5,
1323 4245 1400 4302 71
1618 4246 1739 4304 293
1788 4246 1914 4310 Ea·
1959 4247 2037 4319 cf.
2070 4265 2121 4304 v.
2155 4245 2277 4304 203
2493 4245 2614 4304 294
2658 4247 2868 4304 doloris

572 4330 729 4387 BFC'
770 4329 928 4388 Vino.
964 4331 1114 4388 Bell.
1160 4348 1249 4404 sp.
1296 4334 1349 4390 d.
1379 4329 1450 4403 4,
1487 4330 1636 4389 133:
1682 4330 1856 4387 dolori
1887 4332 1994 4388 PR
2166 4332 2361 4388 inimici
2404 4339 2488 4387 est
2518 4332 2733 4389 Bothe.-
2777 4343 2868 4390 est

570 4415 649 4469 in.
683 4415 896 4472 PRBC'
943 4417 1099 4474 Vino.
1132 4425 1216 4472 est
1247 4434 1353 4474 om.
1386 4416 1444 4473 F
1662 4415 1783 4473 295
1846 4418 2003 4473 Vino.
2039 4416 2187 4473 Bell.
2223 4434 2308 4489 sp.
2342 4419 2395 4473 d.
2430 4416 2490 4489 5,
2525 4416 2643 4474 123

577 4489 698 4562 296
746 4501 993 4557 universa
1022 4501 1273 4558 PRBF:
1318 4500 1634 4557 universalis
1667 4501 1767 4558 EC
1811 4503 1969 4558 Vino.
2007 4501 2153 4559 Bell.
2196 4519 2352 4574 spec.
2395 4503 2577 4559 doctr.
2611 4501 2682 4575 5,
2719 4503 2866 4577 104,
