<?xml version="1.0" encoding="UTF-8"?>
<!DOCTYPE html PUBLIC "-//W3C//DTD XHTML 1.0 Transitional//EN"
    "http://www.w3.org/TR/xhtml1/DTD/xhtml1-transitional.dtd">
<html xmlns="http://www.w3.org/1999/xhtml" xml:lang="en" lang="en">
 <head>
  <title>
</title>
<meta http-equiv="Content-Type" content="text/html;charset=utf-8" />
  <meta name='ocr-system' content='tesseract 3.04.00' />
  <meta name='ocr-capabilities' content='ocr_page ocr_carea ocr_par ocr_line ocrx_word'/>
</head>
<body>
  <div class='ocr_page' id='page_1' title='image "./publiliisyrisen01martgoog_0159.png"; bbox 0 0 3209 5184; ppageno 0'>
   <div class='ocr_carea' id='block_1_1' title="bbox 811 514 2518 594">
    <p class='ocr_par' dir='ltr' id='par_1_1' title="bbox 811 514 2518 594">
     <span class='ocr_line' id='line_1_1' title="bbox 811 514 2518 594; baseline 0.002 -19"><span class='ocrx_word' id='word_1_1' title='bbox 811 529 1024 575; x_wconf 79' lang='lat' dir='ltr'>INTER</span> <span class='ocrx_word' id='word_1_2' title='bbox 1066 527 1530 577; x_wconf 78' lang='lat' dir='ltr'><strong>PUBLILIANAS</strong></span> <span class='ocrx_word' id='word_1_3' title='bbox 1572 528 1961 576; x_wconf 78' lang='lat' dir='ltr'>RECEPTAE.</span> <span class='ocrx_word' id='word_1_4' title='bbox 2192 587 2200 594; x_wconf 43' lang='grc'>,</span> <span class='ocrx_word' id='word_1_5' title='bbox 2401 514 2518 578; x_wconf 89' lang='grc'>121</span> 
     </span>
    </p>
   </div>
   <div class='ocr_carea' id='block_1_2' title="bbox 304 680 2531 1987">
    <p class='ocr_par' dir='ltr' id='par_1_2' title="bbox 304 680 2531 1987">
     <span class='ocr_line' id='line_1_2' title="bbox 415 680 2098 769; baseline 0 -23"><span class='ocrx_word' id='word_1_6' title='bbox 415 683 631 747; x_wconf 90' lang='lat' dir='ltr'>Bonus</span> <span class='ocrx_word' id='word_1_7' title='bbox 676 680 878 747; x_wconf 86' lang='lat' dir='ltr'>iudex</span> <span class='ocrx_word' id='word_1_8' title='bbox 923 680 1189 745; x_wconf 91' lang='lat' dir='ltr'>damnat</span> <span class='ocrx_word' id='word_1_9' title='bbox 1233 680 1685 769; x_wconf 86' lang='lat' dir='ltr'>improbanda,</span> <span class='ocrx_word' id='word_1_10' title='bbox 1730 703 1861 746; x_wconf 93' lang='lat' dir='ltr'>non</span> <span class='ocrx_word' id='word_1_11' title='bbox 1905 681 2098 746; x_wconf 84' lang='lat' dir='ltr'>odit..</span> 
     </span>
     <span class='ocr_line' id='line_1_3' title="bbox 415 781 2523 872; baseline 0 -23"><span class='ocrx_word' id='word_1_12' title='bbox 415 785 627 850; x_wconf 90' lang='lat' dir='ltr'>Bonus</span> <span class='ocrx_word' id='word_1_13' title='bbox 673 783 877 848; x_wconf 83' lang='lat' dir='ltr'>iudex</span> <span class='ocrx_word' id='word_1_14' title='bbox 922 792 1042 864; x_wconf 83' lang='lat' dir='ltr'>est,</span> <span class='ocrx_word' id='word_1_15' title='bbox 1090 782 1202 868; x_wconf 91' lang='lat' dir='ltr'>qui</span> <span class='ocrx_word' id='word_1_16' title='bbox 1244 782 1430 847; x_wconf 88' lang='lat' dir='ltr'>novit</span> <span class='ocrx_word' id='word_1_17' title='bbox 1476 781 1854 872; x_wconf 83' lang='lat' dir='ltr'>dispensare</span> <span class='ocrx_word' id='word_1_18' title='bbox 1898 783 2069 871; x_wconf 90' lang='lat' dir='ltr'>quod</span> <span class='ocrx_word' id='word_1_19' title='bbox 2102 783 2392 849; x_wconf 84' lang='lat' dir='ltr'>dandum</span> <span class='ocrx_word' id='word_1_20' title='bbox 2424 794 2523 850; x_wconf 89' lang='lat' dir='ltr'>est</span> 
     </span>
     <span class='ocr_line' id='line_1_4' title="bbox 1457 893 1908 971; baseline 0.004 -23"><span class='ocrx_word' id='word_1_21' title='bbox 1457 893 1522 950; x_wconf 91' lang='lat' dir='ltr'>et</span> <span class='ocrx_word' id='word_1_22' title='bbox 1566 893 1908 971; x_wconf 89' lang='lat' dir='ltr'>quatenus.</span> 
     </span>
     <span class='ocr_line' id='line_1_5' title="bbox 420 983 1544 1054; baseline -0.004 -1"><span class='ocrx_word' id='word_1_23' title='bbox 420 987 769 1054; x_wconf 89' lang='lat' dir='ltr'>Calamitas</span> <span class='ocrx_word' id='word_1_24' title='bbox 811 986 1078 1051; x_wconf 87' lang='lat' dir='ltr'>virtutis</span> <span class='ocrx_word' id='word_1_25' title='bbox 1123 983 1379 1051; x_wconf 82' lang='lat' dir='ltr'>occasio</span> <span class='ocrx_word' id='word_1_26' title='bbox 1424 993 1544 1050; x_wconf 89' lang='lat' dir='ltr'>est.</span> 
     </span>
     <span class='ocr_line' id='line_1_6' title="bbox 417 1086 1905 1176; baseline -0.002 -21"><span class='ocrx_word' id='word_1_27' title='bbox 417 1088 717 1155; x_wconf 90' lang='lat' dir='ltr'>Camelus</span> <span class='ocrx_word' id='word_1_28' title='bbox 762 1088 1031 1176; x_wconf 89' lang='lat' dir='ltr'>cupiens</span> <span class='ocrx_word' id='word_1_29' title='bbox 1076 1109 1318 1152; x_wconf 92' lang='lat' dir='ltr'>cornua</span> <span class='ocrx_word' id='word_1_30' title='bbox 1360 1109 1548 1152; x_wconf 90' lang='lat' dir='ltr'>aures</span> <span class='ocrx_word' id='word_1_31' title='bbox 1592 1086 1905 1175; x_wconf 77' lang='lat' dir='ltr'><strong>perdidit.</strong></span> 
     </span>
     <span class='ocr_line' id='line_1_7' title="bbox 304 1188 1926 1277; baseline -0.002 -21"><span class='ocrx_word' id='word_1_32' title='bbox 304 1199 373 1257; x_wconf 85' lang='lat'>65</span> <span class='ocrx_word' id='word_1_33' title='bbox 417 1191 627 1277; x_wconf 89' lang='lat' dir='ltr'>Caput</span> <span class='ocrx_word' id='word_1_34' title='bbox 671 1191 812 1255; x_wconf 89' lang='lat' dir='ltr'>sine</span> <span class='ocrx_word' id='word_1_35' title='bbox 854 1188 1082 1274; x_wconf 89' lang='lat' dir='ltr'>lingua</span> <span class='ocrx_word' id='word_1_36' title='bbox 1126 1191 1452 1254; x_wconf 87' lang='lat' dir='ltr'>sententia</span> <span class='ocrx_word' id='word_1_37' title='bbox 1492 1188 1763 1276; x_wconf 88' lang='lat' dir='ltr'>pedaria</span> <span class='ocrx_word' id='word_1_38' title='bbox 1807 1198 1926 1254; x_wconf 89' lang='lat' dir='ltr'>est.</span> 
     </span>
     <span class='ocr_line' id='line_1_8' title="bbox 416 1287 1951 1377; baseline -0.003 -19"><span class='ocrx_word' id='word_1_39' title='bbox 416 1293 590 1358; x_wconf 92' lang='lat' dir='ltr'>Casti</span> <span class='ocrx_word' id='word_1_40' title='bbox 596 1313 681 1377; x_wconf 92' lang='lat' dir='ltr'>ga</span> <span class='ocrx_word' id='word_1_41' title='bbox 722 1292 1001 1355; x_wconf 89' lang='lat' dir='ltr'>amicum</span> <span class='ocrx_word' id='word_1_42' title='bbox 1046 1290 1431 1374; x_wconf 89' lang='lat' dir='ltr'>clanculum,</span> <span class='ocrx_word' id='word_1_43' title='bbox 1476 1289 1674 1354; x_wconf 88' lang='lat' dir='ltr'>lauda</span> <span class='ocrx_word' id='word_1_44' title='bbox 1717 1287 1951 1377; x_wconf 90' lang='lat' dir='ltr'>palam.</span> 
     </span>
     <span class='ocr_line' id='line_1_9' title="bbox 415 1391 2119 1480; baseline -0.003 -20"><span class='ocrx_word' id='word_1_45' title='bbox 415 1395 617 1460; x_wconf 91' lang='lat' dir='ltr'>Casus</span> <span class='ocrx_word' id='word_1_46' title='bbox 664 1414 856 1480; x_wconf 91' lang='lat' dir='ltr'>quem</span> <span class='ocrx_word' id='word_1_47' title='bbox 902 1413 1095 1479; x_wconf 83' lang='lat' dir='ltr'>saepe</span> <span class='ocrx_word' id='word_1_48' title='bbox 1138 1394 1397 1474; x_wconf 78' lang='lat' dir='ltr'><strong>transit,</strong></span> <span class='ocrx_word' id='word_1_49' title='bbox 1421 1410 1429 1419; x_wconf 92' lang='lat'><strong>·</strong></span> <span class='ocrx_word' id='word_1_50' title='bbox 1449 1391 1801 1479; x_wconf 88' lang='lat' dir='ltr'>aliquando</span> <span class='ocrx_word' id='word_1_51' title='bbox 1846 1393 2119 1457; x_wconf 88' lang='lat' dir='ltr'>invenit.</span> 
     </span>
     <span class='ocr_line' id='line_1_10' title="bbox 414 1492 2089 1582; baseline -0.001 -23"><span class='ocrx_word' id='word_1_52' title='bbox 414 1495 588 1560; x_wconf 83' lang='lat' dir='ltr'>Cave</span> <span class='ocrx_word' id='word_1_53' title='bbox 632 1493 818 1558; x_wconf 90' lang='lat' dir='ltr'>illum</span> <span class='ocrx_word' id='word_1_54' title='bbox 866 1514 1140 1580; x_wconf 80' lang='lat' dir='ltr'>semper,</span> <span class='ocrx_word' id='word_1_55' title='bbox 1189 1495 1300 1580; x_wconf 92' lang='lat' dir='ltr'>qui</span> <span class='ocrx_word' id='word_1_56' title='bbox 1343 1493 1468 1559; x_wconf 90' lang='lat' dir='ltr'>tibi</span> <span class='ocrx_word' id='word_1_57' title='bbox 1512 1494 1825 1582; x_wconf 86' lang='lat' dir='ltr'>imposuit</span> <span class='ocrx_word' id='word_1_58' title='bbox 1868 1492 2089 1558; x_wconf 92' lang='lat' dir='ltr'>semel.</span> 
     </span>
     <span class='ocr_line' id='line_1_11' title="bbox 414 1594 1811 1662; baseline -0.003 0"><span class='ocrx_word' id='word_1_59' title='bbox 414 1596 561 1662; x_wconf 94' lang='lat' dir='ltr'>Cito</span> <span class='ocrx_word' id='word_1_60' title='bbox 603 1595 930 1660; x_wconf 87' lang='lat' dir='ltr'>accusaris</span> <span class='ocrx_word' id='word_1_61' title='bbox 972 1603 1086 1659; x_wconf 90' lang='lat' dir='ltr'>aut</span> <span class='ocrx_word' id='word_1_62' title='bbox 1129 1594 1418 1660; x_wconf 90' lang='lat' dir='ltr'>laudaris</span> <span class='ocrx_word' id='word_1_63' title='bbox 1463 1596 1811 1659; x_wconf 92' lang='lat' dir='ltr'>neminem.</span> 
     </span>
     <span class='ocr_line' id='line_1_12' title="bbox 304 1694 1652 1764; baseline -0.003 0"><span class='ocrx_word' id='word_1_64' title='bbox 304 1707 377 1764; x_wconf 88' lang='grc'>70</span> <span class='ocrx_word' id='word_1_65' title='bbox 417 1697 651 1764; x_wconf 83' lang='lat' dir='ltr'>Civilis</span> <span class='ocrx_word' id='word_1_66' title='bbox 697 1694 855 1762; x_wconf 91' lang='lat' dir='ltr'>belli</span> <span class='ocrx_word' id='word_1_67' title='bbox 898 1695 1145 1761; x_wconf 87' lang='lat' dir='ltr'>oblivio</span> <span class='ocrx_word' id='word_1_68' title='bbox 1190 1695 1485 1762; x_wconf 87' lang='lat' dir='ltr'>defensio</span> <span class='ocrx_word' id='word_1_69' title='bbox 1532 1705 1652 1761; x_wconf 90' lang='lat' dir='ltr'>est.</span> 
     </span>
     <span class='ocr_line' id='line_1_13' title="bbox 416 1796 2402 1885; baseline -0.001 -21"><span class='ocrx_word' id='word_1_70' title='bbox 416 1799 778 1865; x_wconf 81' lang='lat' dir='ltr'>Clementia</span> <span class='ocrx_word' id='word_1_71' title='bbox 823 1806 921 1863; x_wconf 90' lang='lat' dir='ltr'>est</span> <span class='ocrx_word' id='word_1_72' title='bbox 965 1796 1198 1862; x_wconf 89' lang='lat' dir='ltr'>lenitas</span> <span class='ocrx_word' id='word_1_73' title='bbox 1244 1799 1599 1885; x_wconf 88' lang='lat' dir='ltr'>superioris</span> <span class='ocrx_word' id='word_1_74' title='bbox 1643 1798 1958 1864; x_wconf 88' lang='lat' dir='ltr'>adversus</span> <span class='ocrx_word' id='word_1_75' title='bbox 2003 1798 2402 1864; x_wconf 89' lang='lat' dir='ltr'>inferiorem.</span> 
     </span>
     <span class='ocr_line' id='line_1_14' title="bbox 416 1899 2531 1987; baseline -0 -21"><span class='ocrx_word' id='word_1_76' title='bbox 416 1901 775 1967; x_wconf 90' lang='lat' dir='ltr'>Clementia</span> <span class='ocrx_word' id='word_1_77' title='bbox 819 1908 919 1965; x_wconf 90' lang='lat' dir='ltr'>est</span> <span class='ocrx_word' id='word_1_78' title='bbox 961 1901 1394 1985; x_wconf 80' lang='lat' dir='ltr'>temperantia</span> <span class='ocrx_word' id='word_1_79' title='bbox 1436 1901 1638 1964; x_wconf 90' lang='lat' dir='ltr'>animi</span> <span class='ocrx_word' id='word_1_80' title='bbox 1682 1901 1752 1964; x_wconf 93' lang='lat' dir='ltr'>in</span> <span class='ocrx_word' id='word_1_81' title='bbox 1795 1908 2121 1987; x_wconf 85' lang='lat' dir='ltr'>potestate</span> <span class='ocrx_word' id='word_1_82' title='bbox 2150 1899 2531 1965; x_wconf 88' lang='lat' dir='ltr'>ulciscendi.</span> 
     </span>
    </p>
   </div>
   <div class='ocr_carea' id='block_1_3' title="bbox 416 2000 2634 2089">
    <p class='ocr_par' dir='ltr' id='par_1_3' title="bbox 416 2000 2634 2089">
     <span class='ocr_line' id='line_1_15' title="bbox 416 2000 2634 2089; baseline -0 -21"><span class='ocrx_word' id='word_1_83' title='bbox 416 2002 776 2068; x_wconf 85' lang='lat' dir='ltr'>Clementia</span> <span class='ocrx_word' id='word_1_84' title='bbox 817 2002 888 2065; x_wconf 91' lang='lat' dir='ltr'>in</span> <span class='ocrx_word' id='word_1_85' title='bbox 931 2022 1400 2089; x_wconf 82' lang='lat' dir='ltr'>quamcumque</span> <span class='ocrx_word' id='word_1_86' title='bbox 1443 2000 1707 2066; x_wconf 91' lang='lat' dir='ltr'>domum</span> <span class='ocrx_word' id='word_1_87' title='bbox 1750 2002 2039 2085; x_wconf 83' lang='lat' dir='ltr'>venerit,</span> <span class='ocrx_word' id='word_1_88' title='bbox 2084 2000 2345 2066; x_wconf 81' lang='lat' dir='ltr'>felicem</span> <span class='ocrx_word' id='word_1_89' title='bbox 2391 2024 2532 2067; x_wconf 86' lang='lat' dir='ltr'>eam</span> <span class='ocrx_word' id='word_1_90' title='bbox 2625 2028 2634 2036; x_wconf 92' lang='lat'><strong>·</strong></span> 
     </span>
    </p>
   </div>
   <div class='ocr_carea' id='block_1_4' title="bbox 305 2101 2534 3492">
    <p class='ocr_par' dir='ltr' id='par_1_4' title="bbox 305 2101 2534 3492">
     <span class='ocr_line' id='line_1_16' title="bbox 1460 2101 2434 2190; baseline 0 -23"><span class='ocrx_word' id='word_1_91' title='bbox 1460 2101 2008 2190; x_wconf 88' lang='lat' dir='ltr'>tranquillamque</span> <span class='ocrx_word' id='word_1_92' title='bbox 2050 2103 2434 2190; x_wconf 87' lang='lat' dir='ltr'>praestabit.</span> 
     </span>
     <span class='ocr_line' id='line_1_17' title="bbox 418 2204 1781 2293; baseline -0.001 -23"><span class='ocrx_word' id='word_1_93' title='bbox 418 2205 611 2290; x_wconf 89' lang='lat' dir='ltr'>Cogit</span> <span class='ocrx_word' id='word_1_94' title='bbox 653 2204 965 2290; x_wconf 87' lang='lat' dir='ltr'>rogando,</span> <span class='ocrx_word' id='word_1_95' title='bbox 1013 2227 1161 2269; x_wconf 92' lang='lat' dir='ltr'>cum</span> <span class='ocrx_word' id='word_1_96' title='bbox 1203 2214 1392 2290; x_wconf 87' lang='lat' dir='ltr'>rogat</span> <span class='ocrx_word' id='word_1_97' title='bbox 1433 2206 1781 2293; x_wconf 88' lang='lat' dir='ltr'>potentior.</span> 
     </span>
     <span class='ocr_line' id='line_1_18' title="bbox 305 2304 2023 2392; baseline 0.002 -21"><span class='ocrx_word' id='word_1_98' title='bbox 305 2314 375 2371; x_wconf 82' lang='lat'>75</span> <span class='ocrx_word' id='word_1_99' title='bbox 416 2307 770 2371; x_wconf 90' lang='lat' dir='ltr'>Commune</span> <span class='ocrx_word' id='word_1_100' title='bbox 811 2306 1223 2392; x_wconf 83' lang='lat' dir='ltr'>naufragium</span> <span class='ocrx_word' id='word_1_101' title='bbox 1269 2306 1568 2372; x_wconf 85' lang='lat' dir='ltr'>omnibus</span> <span class='ocrx_word' id='word_1_102' title='bbox 1616 2304 1878 2371; x_wconf 88' lang='lat' dir='ltr'>solacio·</span> <span class='ocrx_word' id='word_1_103' title='bbox 1903 2314 2023 2375; x_wconf 85' lang='lat' dir='ltr'>est.</span> 
     </span>
     <span class='ocr_line' id='line_1_19' title="bbox 420 2407 2044 2495; baseline -0.001 -21"><span class='ocrx_word' id='word_1_104' title='bbox 420 2408 867 2474; x_wconf 83' lang='lat' dir='ltr'>Conscientiae</span> <span class='ocrx_word' id='word_1_105' title='bbox 908 2409 1128 2495; x_wconf 89' lang='lat' dir='ltr'>potius</span> <span class='ocrx_word' id='word_1_106' title='bbox 1174 2429 1363 2495; x_wconf 91' lang='lat' dir='ltr'>quam</span> <span class='ocrx_word' id='word_1_107' title='bbox 1411 2407 1623 2472; x_wconf 89' lang='lat' dir='ltr'>famae</span> <span class='ocrx_word' id='word_1_108' title='bbox 1667 2408 2044 2473; x_wconf 88' lang='lat' dir='ltr'>attenderis.</span> 
     </span>
     <span class='ocr_line' id='line_1_20' title="bbox 419 2508 1923 2596; baseline -0.002 -20"><span class='ocrx_word' id='word_1_109' title='bbox 419 2508 772 2576; x_wconf 85' lang='lat' dir='ltr'>Considera</span> <span class='ocrx_word' id='word_1_110' title='bbox 817 2508 974 2595; x_wconf 91' lang='lat' dir='ltr'>quid</span> <span class='ocrx_word' id='word_1_111' title='bbox 1020 2509 1224 2594; x_wconf 86' lang='lat' dir='ltr'>dicas,</span> <span class='ocrx_word' id='word_1_112' title='bbox 1269 2532 1400 2574; x_wconf 90' lang='lat' dir='ltr'>non</span> <span class='ocrx_word' id='word_1_113' title='bbox 1445 2509 1601 2596; x_wconf 92' lang='lat' dir='ltr'>quid</span> <span class='ocrx_word' id='word_1_114' title='bbox 1650 2509 1923 2594; x_wconf 86' lang='lat' dir='ltr'>cogites.</span> 
     </span>
     <span class='ocr_line' id='line_1_21' title="bbox 420 2609 2403 2698; baseline -0.001 -21"><span class='ocrx_word' id='word_1_115' title='bbox 420 2610 832 2677; x_wconf 82' lang='lat' dir='ltr'>Consuetudo</span> <span class='ocrx_word' id='word_1_116' title='bbox 876 2610 1191 2698; x_wconf 92' lang='lat' dir='ltr'>peccandi</span> <span class='ocrx_word' id='word_1_117' title='bbox 1234 2611 1724 2676; x_wconf 89' lang='lat' dir='ltr'>multitudinem</span> <span class='ocrx_word' id='word_1_118' title='bbox 1767 2609 1928 2675; x_wconf 91' lang='lat' dir='ltr'>facit</span> <span class='ocrx_word' id='word_1_119' title='bbox 1970 2611 2403 2698; x_wconf 89' lang='lat' dir='ltr'>peccantium.</span> 
     </span>
     <span class='ocr_line' id='line_1_22' title="bbox 419 2711 2507 2800; baseline -0 -22"><span class='ocrx_word' id='word_1_120' title='bbox 419 2712 686 2779; x_wconf 88' lang='lat' dir='ltr'>Consuli</span> <span class='ocrx_word' id='word_1_121' title='bbox 728 2711 994 2800; x_wconf 90' lang='lat' dir='ltr'>quidem</span> <span class='ocrx_word' id='word_1_122' title='bbox 1035 2714 1253 2779; x_wconf 91' lang='lat' dir='ltr'>omnia</span> <span class='ocrx_word' id='word_1_123' title='bbox 1297 2713 1560 2795; x_wconf 83' lang='lat' dir='ltr'>debent,</span> <span class='ocrx_word' id='word_1_124' title='bbox 1606 2735 1837 2777; x_wconf 82' lang='lat' dir='ltr'>verum</span> <span class='ocrx_word' id='word_1_125' title='bbox 1879 2734 2010 2778; x_wconf 92' lang='lat' dir='ltr'>non</span> <span class='ocrx_word' id='word_1_126' title='bbox 2053 2712 2137 2776; x_wconf 89' lang='lat' dir='ltr'>ab</span> <span class='ocrx_word' id='word_1_127' title='bbox 2183 2712 2507 2778; x_wconf 90' lang='lat' dir='ltr'>omnibus.</span> 
     </span>
     <span class='ocr_line' id='line_1_23' title="bbox 313 2812 2447 2904; baseline -0 -26"><span class='ocrx_word' id='word_1_128' title='bbox 313 2822 383 2880; x_wconf 88' lang='grc'>80</span> <span class='ocrx_word' id='word_1_129' title='bbox 421 2816 874 2904; x_wconf 91' lang='lat' dir='ltr'>Contemptum</span> <span class='ocrx_word' id='word_1_130' title='bbox 919 2814 1358 2902; x_wconf 88' lang='lat' dir='ltr'>periculorum</span> <span class='ocrx_word' id='word_1_131' title='bbox 1401 2815 1759 2881; x_wconf 84' lang='lat' dir='ltr'>assiduitas</span> <span class='ocrx_word' id='word_1_132' title='bbox 1805 2812 2222 2902; x_wconf 88' lang='lat' dir='ltr'>periclitandi</span> <span class='ocrx_word' id='word_1_133' title='bbox 2266 2813 2447 2879; x_wconf 85' lang='lat' dir='ltr'>facit.</span> 
     </span>
     <span class='ocr_line' id='line_1_24' title="bbox 423 2915 2206 3005; baseline -0.003 -23"><span class='ocrx_word' id='word_1_134' title='bbox 423 2917 601 2983; x_wconf 85' lang='lat' dir='ltr'>Cont·</span> <span class='ocrx_word' id='word_1_135' title='bbox 624 2927 779 2982; x_wconf 81' lang='lat' dir='ltr'>runt</span> <span class='ocrx_word' id='word_1_136' title='bbox 822 2915 1081 3004; x_wconf 90' lang='lat' dir='ltr'>plebeia</span> <span class='ocrx_word' id='word_1_137' title='bbox 1124 2916 1370 2981; x_wconf 89' lang='lat' dir='ltr'>celsum</span> <span class='ocrx_word' id='word_1_138' title='bbox 1412 2938 1607 3005; x_wconf 89' lang='lat' dir='ltr'>saepe</span> <span class='ocrx_word' id='word_1_139' title='bbox 1653 2917 1831 2982; x_wconf 88' lang='lat' dir='ltr'>dicta</span> <span class='ocrx_word' id='word_1_140' title='bbox 1873 2917 2206 2980; x_wconf 81' lang='lat' dir='ltr'>verticem.</span> 
     </span>
     <span class='ocr_line' id='line_1_25' title="bbox 426 3013 2534 3106; baseline -0.002 -22"><span class='ocrx_word' id='word_1_141' title='bbox 426 3019 655 3085; x_wconf 79' lang='lat' dir='ltr'>Coram</span> <span class='ocrx_word' id='word_1_142' title='bbox 699 3040 828 3083; x_wconf 92' lang='lat' dir='ltr'>uno</span> <span class='ocrx_word' id='word_1_143' title='bbox 872 3016 1125 3105; x_wconf 91' lang='lat' dir='ltr'>aliquid</span> <span class='ocrx_word' id='word_1_144' title='bbox 1167 3027 1355 3106; x_wconf 86' lang='lat' dir='ltr'>turpe</span> <span class='ocrx_word' id='word_1_145' title='bbox 1400 3017 1649 3084; x_wconf 89' lang='lat' dir='ltr'>dictum</span> <span class='ocrx_word' id='word_1_146' title='bbox 1690 3016 1980 3083; x_wconf 89' lang='lat' dir='ltr'>ridemus</span> <span class='ocrx_word' id='word_1_147' title='bbox 2026 3025 2092 3082; x_wconf 92' lang='lat' dir='ltr'>et</span> <span class='ocrx_word' id='word_1_148' title='bbox 2134 3037 2348 3081; x_wconf 92' lang='lat' dir='ltr'>coram</span> <span class='ocrx_word' id='word_1_149' title='bbox 2393 3013 2534 3104; x_wconf 91' lang='lat' dir='ltr'>plu-</span> 
     </span>
     <span class='ocr_line' id='line_1_26' title="bbox 1465 3119 2194 3205; baseline -0.001 -21"><span class='ocrx_word' id='word_1_150' title='bbox 1465 3119 1648 3186; x_wconf 87' lang='lat' dir='ltr'>ribus</span> <span class='ocrx_word' id='word_1_151' title='bbox 1693 3119 2133 3205; x_wconf 85' lang='lat' dir='ltr'>indignamur.</span> <span class='ocrx_word' id='word_1_152' title='bbox 2191 3171 2194 3174; x_wconf 92' lang='lat'>.</span> 
     </span>
     <span class='ocr_line' id='line_1_27' title="bbox 422 3219 1769 3307; baseline -0.003 -18"><span class='ocrx_word' id='word_1_153' title='bbox 422 3222 665 3289; x_wconf 87' lang='lat' dir='ltr'>Crebro</span> <span class='ocrx_word' id='word_1_154' title='bbox 710 3222 770 3287; x_wconf 90' lang='lat' dir='ltr'>si</span> <span class='ocrx_word' id='word_1_155' title='bbox 812 3224 1037 3307; x_wconf 87' lang='lat' dir='ltr'>iacias,</span> <span class='ocrx_word' id='word_1_156' title='bbox 1084 3220 1264 3286; x_wconf 90' lang='lat' dir='ltr'>aliud</span> <span class='ocrx_word' id='word_1_157' title='bbox 1307 3219 1470 3285; x_wconf 91' lang='lat' dir='ltr'>alias</span> <span class='ocrx_word' id='word_1_158' title='bbox 1515 3222 1769 3287; x_wconf 78' lang='lat' dir='ltr'>ieceriS.</span> 
     </span>
     <span class='ocr_line' id='line_1_28' title="bbox 422 3323 1938 3411; baseline -0.001 -22"><span class='ocrx_word' id='word_1_159' title='bbox 422 3324 545 3389; x_wconf 92' lang='lat' dir='ltr'>Cui</span> <span class='ocrx_word' id='word_1_160' title='bbox 589 3326 897 3390; x_wconf 86' lang='lat' dir='ltr'>convenit</span> <span class='ocrx_word' id='word_1_161' title='bbox 942 3346 1088 3388; x_wconf 88' lang='lat' dir='ltr'>cum</span> <span class='ocrx_word' id='word_1_162' title='bbox 1130 3332 1535 3411; x_wconf 85' lang='lat' dir='ltr'>paupertate,</span> <span class='ocrx_word' id='word_1_163' title='bbox 1582 3323 1769 3390; x_wconf 83' lang='lat' dir='ltr'>dives</span> <span class='ocrx_word' id='word_1_164' title='bbox 1816 3332 1938 3390; x_wconf 90' lang='lat' dir='ltr'>est.</span> 
     </span>
     <span class='ocr_line' id='line_1_29' title="bbox 311 3423 2000 3492; baseline 0.001 -4"><span class='ocrx_word' id='word_1_165' title='bbox 311 3431 380 3488; x_wconf 86' lang='lat'>85</span> <span class='ocrx_word' id='word_1_166' title='bbox 423 3426 650 3491; x_wconf 86' lang='lat' dir='ltr'>Cuivis</span> <span class='ocrx_word' id='word_1_167' title='bbox 694 3425 933 3490; x_wconf 90' lang='lat' dir='ltr'>artifici</span> <span class='ocrx_word' id='word_1_168' title='bbox 976 3426 1049 3488; x_wconf 92' lang='lat' dir='ltr'>in</span> <span class='ocrx_word' id='word_1_169' title='bbox 1089 3434 1230 3490; x_wconf 88' lang='lat' dir='ltr'>arte</span> <span class='ocrx_word' id='word_1_170' title='bbox 1275 3423 1674 3492; x_wconf 88' lang='lat' dir='ltr'>credendum</span> <span class='ocrx_word' id='word_1_171' title='bbox 1719 3436 1818 3491; x_wconf 85' lang='lat' dir='ltr'>est</span> <span class='ocrx_word' id='word_1_172' title='bbox 1861 3447 2000 3490; x_wconf 91' lang='lat' dir='ltr'>sua.</span> 
     </span>
    </p>
   </div>
   <div class='ocr_carea' id='block_1_5' title="bbox 278 3599 659 3609">
    <p class='ocr_par' dir='ltr' id='par_1_5' title="bbox 278 3599 659 3609">
     <span class='ocr_line' id='line_1_30' title="bbox 278 3599 659 3609; baseline 0 1575"><span class='ocrx_word' id='word_1_173' title='bbox 278 3599 659 3609; x_wconf 95' lang='lat' dir='ltr'> </span> 
     </span>
    </p>
   </div>
   <div class='ocr_carea' id='block_1_6' title="bbox 409 3700 2641 3801">
    <p class='ocr_par' dir='ltr' id='par_1_6' title="bbox 409 3700 2641 3801">
     <span class='ocr_line' id='line_1_31' title="bbox 409 3700 2641 3801; baseline -0.004 -38.876"><span class='ocrx_word' id='word_1_174' title='bbox 409 3704 548 3762; x_wconf 94' lang='grc'>61</span> <span class='ocrx_word' id='word_1_175' title='bbox 567 3706 641 3762; x_wconf 85' lang='lat' dir='ltr'>R.</span> <span class='ocrx_word' id='word_1_176' title='bbox 676 3704 801 3761; x_wconf 88' lang='lat' dir='ltr'>Sen.</span> <span class='ocrx_word' id='word_1_177' title='bbox 835 3704 1009 3761; x_wconf 85' lang='lat' dir='ltr'>deira</span> <span class='ocrx_word' id='word_1_178' title='bbox 1042 3704 1304 3778; x_wconf 85' lang='lat'>1‚16,7</span> <span class='ocrx_word' id='word_1_179' title='bbox 1502 3702 1579 3801; x_wconf 69' lang='lat' dir='ltr'>62e</span> <span class='ocrx_word' id='word_1_180' title='bbox 1630 3701 1728 3758; x_wconf 84' lang='lat' dir='ltr'>Go.</span> <span class='ocrx_word' id='word_1_181' title='bbox 1762 3700 1834 3756; x_wconf 89' lang='lat' dir='ltr'>De</span> <span class='ocrx_word' id='word_1_182' title='bbox 1867 3718 2005 3758; x_wconf 84' lang='lat' dir='ltr'>mor.</span> <span class='ocrx_word' id='word_1_183' title='bbox 2042 3701 2121 3759; x_wconf 88' lang='grc'>96</span> <span class='ocrx_word' id='word_1_184' title='bbox 2308 3700 2387 3758; x_wconf 85' lang='grc'>63</span> <span class='ocrx_word' id='word_1_185' title='bbox 2433 3700 2531 3793; x_wconf 60' lang='lat' dir='ltr'>Ps.</span> <span class='ocrx_word' id='word_1_186' title='bbox 2637 3749 2641 3754; x_wconf 82' lang='grc'><strong>.</strong></span> 
     </span>
    </p>
   </div>
   <div class='ocr_carea' id='block_1_7' title="bbox 261 3774 2538 4540">
    <p class='ocr_par' dir='ltr' id='par_1_7' title="bbox 261 3774 2538 4540">
     <span class='ocr_line' id='line_1_32' title="bbox 270 3774 2533 3889; baseline -0.001 -46"><span class='ocrx_word' id='word_1_187' title='bbox 270 3788 380 3845; x_wconf 86' lang='lat' dir='ltr'>Seu.</span> <span class='ocrx_word' id='word_1_188' title='bbox 410 3790 474 3846; x_wconf 90' lang='lat' dir='ltr'>de</span> <span class='ocrx_word' id='word_1_189' title='bbox 503 3806 680 3889; x_wconf 89' lang='lat' dir='ltr'>prov.</span> <span class='ocrx_word' id='word_1_190' title='bbox 689 3788 749 3863; x_wconf 92' lang='grc'>4,</span> <span class='ocrx_word' id='word_1_191' title='bbox 776 3789 812 3847; x_wconf 95' lang='grc'><strong>6</strong></span> <span class='ocrx_word' id='word_1_192' title='bbox 932 3788 1010 3847; x_wconf 92' lang='grc'><strong>64</strong></span> <span class='ocrx_word' id='word_1_193' title='bbox 1056 3790 1163 3847; x_wconf 90' lang='lat' dir='ltr'>Bo.</span> <span class='ocrx_word' id='word_1_194' title='bbox 1198 3788 1512 3865; x_wconf 80' lang='lat' dir='ltr'>Apostolius</span> <span class='ocrx_word' id='word_1_195' title='bbox 1542 3777 1580 3859; x_wconf 81' lang='grc' dir='ltr'><em>ἡ</em></span> <span class='ocrx_word' id='word_1_196' title='bbox 1616 3774 1880 3862; x_wconf 78' lang='grc' dir='ltr'><em>κάμηλος</em></span> <span class='ocrx_word' id='word_1_197' title='bbox 1910 3774 2328 3859; x_wconf 78' lang='grc' dir='ltr'><strong>ἐπιθυμήσασοι</strong></span> <span class='ocrx_word' id='word_1_198' title='bbox 2356 3775 2533 3861; x_wconf 77' lang='grc' dir='ltr'><em>κερά-</em></span> 
     </span>
     <span class='ocr_line' id='line_1_33' title="bbox 268 3861 2379 3948; baseline -0 -21"><span class='ocrx_word' id='word_1_199' title='bbox 268 3891 372 3928; x_wconf 84' lang='grc' dir='ltr'>των</span> <span class='ocrx_word' id='word_1_200' title='bbox 400 3868 502 3929; x_wconf 85' lang='grc' dir='ltr'>καὶ</span> <span class='ocrx_word' id='word_1_201' title='bbox 531 3861 603 3928; x_wconf 76' lang='grc' dir='ltr'>τὰ</span> <span class='ocrx_word' id='word_1_202' title='bbox 632 3891 752 3929; x_wconf 84' lang='grc' dir='ltr'>ωτα</span> <span class='ocrx_word' id='word_1_203' title='bbox 782 3866 1229 3948; x_wconf 79' lang='grc' dir='ltr'><strong><em>προςαπῶλεσεν</em></strong></span> <span class='ocrx_word' id='word_1_204' title='bbox 1399 3872 1478 3931; x_wconf 84' lang='grc'>65</span> <span class='ocrx_word' id='word_1_205' title='bbox 1523 3874 1623 3929; x_wconf 78' lang='lat' dir='ltr'>Ps.</span> <span class='ocrx_word' id='word_1_206' title='bbox 1800 3871 1879 3930; x_wconf 86' lang='lat'>66</span> <span class='ocrx_word' id='word_1_207' title='bbox 1924 3872 1993 3928; x_wconf 95' lang='lat' dir='ltr'>F.</span> <span class='ocrx_word' id='word_1_208' title='bbox 2026 3870 2099 3927; x_wconf 89' lang='lat' dir='ltr'>De</span> <span class='ocrx_word' id='word_1_209' title='bbox 2131 3887 2266 3927; x_wconf 84' lang='lat' dir='ltr'>mor.</span> <span class='ocrx_word' id='word_1_210' title='bbox 2301 3870 2379 3927; x_wconf 84' lang='lat'>12</span> 
     </span>
     <span class='ocr_line' id='line_1_34' title="bbox 270 3953 2538 4030; baseline -0.003 -16"><span class='ocrx_word' id='word_1_211' title='bbox 270 3959 336 4014; x_wconf 86' lang='grc'>67</span> <span class='ocrx_word' id='word_1_212' title='bbox 377 3961 477 4016; x_wconf 84' lang='lat' dir='ltr'>Ps.</span> <span class='ocrx_word' id='word_1_213' title='bbox 510 3959 636 4015; x_wconf 86' lang='lat' dir='ltr'>Sen.</span> <span class='ocrx_word' id='word_1_214' title='bbox 666 3958 825 4015; x_wconf 85' lang='lat' dir='ltr'>Herc.</span> <span class='ocrx_word' id='word_1_215' title='bbox 856 3959 960 4015; x_wconf 74' lang='lat' dir='ltr'>fur.</span> <span class='ocrx_word' id='word_1_216' title='bbox 993 3960 1115 4017; x_wconf 83' lang='lat'>332</span> <span class='ocrx_word' id='word_1_217' title='bbox 1234 3958 1312 4018; x_wconf 85' lang='lat'>68</span> <span class='ocrx_word' id='word_1_218' title='bbox 1359 3958 1465 4015; x_wconf 88' lang='lat' dir='ltr'>Bo.</span> <span class='ocrx_word' id='word_1_219' title='bbox 1497 3957 1655 4014; x_wconf 88' lang='lat' dir='ltr'>Hom.</span> <span class='ocrx_word' id='word_1_220' title='bbox 1684 3956 1832 4014; x_wconf 83' lang='lat' dir='ltr'>Iliad.</span> <span class='ocrx_word' id='word_1_221' title='bbox 1868 3956 1929 4029; x_wconf 88' lang='grc'>9,</span> <span class='ocrx_word' id='word_1_222' title='bbox 1962 3954 2084 4014; x_wconf 85' lang='grc'>374</span> <span class='ocrx_word' id='word_1_223' title='bbox 2107 3973 2189 4030; x_wconf 87' lang='lat' dir='ltr'>sq.</span> <span class='ocrx_word' id='word_1_224' title='bbox 2222 3972 2306 4029; x_wconf 81' lang='lat' dir='ltr'>ap.</span> <span class='ocrx_word' id='word_1_225' title='bbox 2331 3953 2538 4009; x_wconf 86' lang='lat' dir='ltr'>Erasm.</span> 
     </span>
     <span class='ocr_line' id='line_1_35' title="bbox 266 4037 2533 4119; baseline -0.002 -23"><span class='ocrx_word' id='word_1_226' title='bbox 266 4043 421 4119; x_wconf 77' lang='lat' dir='ltr'>Adag.</span> <span class='ocrx_word' id='word_1_227' title='bbox 451 4045 489 4105; x_wconf 92' lang='lat'>1.</span> <span class='ocrx_word' id='word_1_228' title='bbox 523 4062 571 4100; x_wconf 88' lang='lat' dir='ltr'>c.</span> <span class='ocrx_word' id='word_1_229' title='bbox 605 4062 701 4119; x_wconf 89' lang='lat' dir='ltr'>pg.</span> <span class='ocrx_word' id='word_1_230' title='bbox 735 4043 854 4101; x_wconf 88' lang='grc'>752</span> <span class='ocrx_word' id='word_1_231' title='bbox 1057 4044 1135 4102; x_wconf 89' lang='grc'>69</span> <span class='ocrx_word' id='word_1_232' title='bbox 1183 4045 1290 4102; x_wconf 91' lang='lat' dir='ltr'>Bo.</span> <span class='ocrx_word' id='word_1_233' title='bbox 1326 4041 1397 4098; x_wconf 86' lang='lat' dir='ltr'>De</span> <span class='ocrx_word' id='word_1_234' title='bbox 1427 4059 1563 4100; x_wconf 85' lang='lat' dir='ltr'>mor.</span> <span class='ocrx_word' id='word_1_235' title='bbox 1597 4043 1677 4101; x_wconf 87' lang='grc'>76</span> <span class='ocrx_word' id='word_1_236' title='bbox 1880 4039 1961 4098; x_wconf 85' lang='lat'>70</span> <span class='ocrx_word' id='word_1_237' title='bbox 2004 4040 2100 4096; x_wconf 83' lang='lat' dir='ltr'>Ps.</span> <span class='ocrx_word' id='word_1_238' title='bbox 2284 4039 2382 4096; x_wconf 86' lang='lat'>71.</span> <span class='ocrx_word' id='word_1_239' title='bbox 2434 4037 2533 4093; x_wconf 87' lang='grc'><strong>72.</strong></span> 
     </span>
     <span class='ocr_line' id='line_1_36' title="bbox 268 4120 2530 4202; baseline -0.003 -18"><span class='ocrx_word' id='word_1_240' title='bbox 268 4127 336 4185; x_wconf 87' lang='grc'>73</span> <span class='ocrx_word' id='word_1_241' title='bbox 381 4131 481 4190; x_wconf 81' lang='lat' dir='ltr'>Go,</span> <span class='ocrx_word' id='word_1_242' title='bbox 514 4129 639 4185; x_wconf 91' lang='lat' dir='ltr'>Sen.</span> <span class='ocrx_word' id='word_1_243' title='bbox 671 4128 738 4184; x_wconf 88' lang='lat' dir='ltr'>de</span> <span class='ocrx_word' id='word_1_244' title='bbox 767 4129 919 4185; x_wconf 86' lang='lat' dir='ltr'>clem.</span> <span class='ocrx_word' id='word_1_245' title='bbox 955 4130 1026 4201; x_wconf 92' lang='grc'>2,</span> <span class='ocrx_word' id='word_1_246' title='bbox 1059 4130 1129 4202; x_wconf 89' lang='grc'>3,</span> <span class='ocrx_word' id='word_1_247' title='bbox 1166 4130 1219 4185; x_wconf 93' lang='grc'>1.</span> <span class='ocrx_word' id='word_1_248' title='bbox 1261 4129 1318 4201; x_wconf 94' lang='grc'>1,</span> <span class='ocrx_word' id='word_1_249' title='bbox 1349 4126 1411 4202; x_wconf 82' lang='grc'>5,</span> <span class='ocrx_word' id='word_1_250' title='bbox 1442 4126 1481 4182; x_wconf 93' lang='grc'>4</span> <span class='ocrx_word' id='word_1_251' title='bbox 1697 4124 1776 4184; x_wconf 85' lang='grc'>74</span> <span class='ocrx_word' id='word_1_252' title='bbox 1824 4126 1908 4181; x_wconf 83' lang='lat' dir='ltr'>Gr</span> <span class='ocrx_word' id='word_1_253' title='bbox 1937 4124 1993 4180; x_wconf 93' lang='grc'>2.</span> <span class='ocrx_word' id='word_1_254' title='bbox 2025 4121 2105 4180; x_wconf 80' lang='lat' dir='ltr'>Cf.</span> <span class='ocrx_word' id='word_1_255' title='bbox 2138 4139 2299 4197; x_wconf 79' lang='lat' dir='ltr'>supra</span> <span class='ocrx_word' id='word_1_256' title='bbox 2330 4140 2377 4177; x_wconf 87' lang='lat' dir='ltr'>v.</span> <span class='ocrx_word' id='word_1_257' title='bbox 2413 4120 2530 4178; x_wconf 93' lang='grc'>661</span> 
     </span>
     <span class='ocr_line' id='line_1_37' title="bbox 461 4206 2532 4288; baseline -0.004 -17"><span class='ocrx_word' id='word_1_258' title='bbox 461 4214 541 4271; x_wconf 83' lang='lat'>75</span> <span class='ocrx_word' id='word_1_259' title='bbox 588 4214 698 4270; x_wconf 90' lang='lat' dir='ltr'>Bo.</span> <span class='ocrx_word' id='word_1_260' title='bbox 728 4211 928 4270; x_wconf 86' lang='lat' dir='ltr'>Erasm.</span> <span class='ocrx_word' id='word_1_261' title='bbox 962 4213 1128 4288; x_wconf 80' lang='lat' dir='ltr'>Adag.</span> <span class='ocrx_word' id='word_1_262' title='bbox 1165 4232 1218 4288; x_wconf 89' lang='lat' dir='ltr'>p.</span> <span class='ocrx_word' id='word_1_263' title='bbox 1253 4213 1377 4271; x_wconf 87' lang='lat'>380</span> <span class='ocrx_word' id='word_1_264' title='bbox 1592 4212 1671 4269; x_wconf 81' lang='grc'>76</span> <span class='ocrx_word' id='word_1_265' title='bbox 1720 4211 1802 4266; x_wconf 83' lang='lat' dir='ltr'>Gr</span> <span class='ocrx_word' id='word_1_266' title='bbox 1833 4209 1888 4266; x_wconf 91' lang='grc'>2.</span> <span class='ocrx_word' id='word_1_267' title='bbox 1920 4209 2071 4265; x_wconf 83' lang='lat' dir='ltr'>Caec.</span> <span class='ocrx_word' id='word_1_268' title='bbox 2102 4207 2247 4264; x_wconf 84' lang='lat' dir='ltr'>Balb.</span> <span class='ocrx_word' id='word_1_269' title='bbox 2276 4206 2396 4262; x_wconf 84' lang='lat' dir='ltr'>Par.</span> <span class='ocrx_word' id='word_1_270' title='bbox 2431 4207 2532 4278; x_wconf 88' lang='grc'><strong>65,</strong></span> 
     </span>
     <span class='ocr_line' id='line_1_38' title="bbox 262 4289 2529 4369; baseline -0.002 -16"><span class='ocrx_word' id='word_1_271' title='bbox 262 4314 345 4369; x_wconf 82' lang='lat' dir='ltr'>pg.</span> <span class='ocrx_word' id='word_1_272' title='bbox 376 4298 456 4354; x_wconf 88' lang='grc'>42</span> <span class='ocrx_word' id='word_1_273' title='bbox 595 4298 672 4356; x_wconf 88' lang='grc'>77</span> <span class='ocrx_word' id='word_1_274' title='bbox 720 4298 816 4354; x_wconf 82' lang='lat' dir='ltr'>Ps.</span> <span class='ocrx_word' id='word_1_275' title='bbox 886 4355 894 4360; x_wconf 71' lang='grc'><strong>,</strong></span> <span class='ocrx_word' id='word_1_276' title='bbox 949 4300 1027 4356; x_wconf 87' lang='grc'>78</span> <span class='ocrx_word' id='word_1_277' title='bbox 1075 4299 1172 4356; x_wconf 82' lang='lat' dir='ltr'>Go.</span> <span class='ocrx_word' id='word_1_278' title='bbox 1206 4298 1330 4354; x_wconf 88' lang='lat' dir='ltr'>Sen.</span> <span class='ocrx_word' id='word_1_279' title='bbox 1364 4296 1430 4352; x_wconf 86' lang='lat' dir='ltr'>de</span> <span class='ocrx_word' id='word_1_280' title='bbox 1461 4295 1617 4353; x_wconf 88' lang='lat' dir='ltr'>clem.</span> <span class='ocrx_word' id='word_1_281' title='bbox 1656 4296 1713 4367; x_wconf 83' lang='lat'>1,</span> <span class='ocrx_word' id='word_1_282' title='bbox 1746 4293 1848 4366; x_wconf 90' lang='grc'>22,</span> <span class='ocrx_word' id='word_1_283' title='bbox 1882 4292 1918 4350; x_wconf 92' lang='grc'><strong>2</strong></span> <span class='ocrx_word' id='word_1_284' title='bbox 2049 4293 2126 4351; x_wconf 85' lang='grc'>79</span> <span class='ocrx_word' id='word_1_285' title='bbox 2176 4293 2259 4348; x_wconf 81' lang='lat' dir='ltr'>Gr</span> <span class='ocrx_word' id='word_1_286' title='bbox 2288 4290 2343 4347; x_wconf 88' lang='grc'>2.</span> <span class='ocrx_word' id='word_1_287' title='bbox 2378 4289 2529 4348; x_wconf 80' lang='lat' dir='ltr'>Caec.</span> 
     </span>
     <span class='ocr_line' id='line_1_39' title="bbox 261 4376 2416 4458; baseline -0.002 -22"><span class='ocrx_word' id='word_1_288' title='bbox 261 4381 393 4439; x_wconf 83' lang='lat' dir='ltr'>Balb.</span> <span class='ocrx_word' id='word_1_289' title='bbox 425 4383 567 4439; x_wconf 84' lang='lat' dir='ltr'>Mon.</span> <span class='ocrx_word' id='word_1_290' title='bbox 603 4381 704 4455; x_wconf 88' lang='grc'>28,</span> <span class='ocrx_word' id='word_1_291' title='bbox 735 4381 795 4454; x_wconf 89' lang='grc'>4,</span> <span class='ocrx_word' id='word_1_292' title='bbox 828 4400 921 4458; x_wconf 84' lang='lat' dir='ltr'>pg</span> <span class='ocrx_word' id='word_1_293' title='bbox 955 4383 1033 4441; x_wconf 87' lang='grc'>29</span> <span class='ocrx_word' id='word_1_294' title='bbox 1185 4383 1269 4440; x_wconf 88' lang='grc'>80</span> <span class='ocrx_word' id='word_1_295' title='bbox 1299 4381 1369 4436; x_wconf 89' lang='lat' dir='ltr'>R.</span> <span class='ocrx_word' id='word_1_296' title='bbox 1403 4380 1528 4436; x_wconf 85' lang='lat' dir='ltr'>Seu.</span> <span class='ocrx_word' id='word_1_297' title='bbox 1557 4379 1624 4434; x_wconf 85' lang='lat' dir='ltr'>de</span> <span class='ocrx_word' id='word_1_298' title='bbox 1655 4376 1956 4452; x_wconf 85' lang='lat' dir='ltr'>provid.4,</span> <span class='ocrx_word' id='word_1_299' title='bbox 1993 4376 2069 4434; x_wconf 91' lang='grc'>12</span> <span class='ocrx_word' id='word_1_300' title='bbox 2221 4376 2298 4433; x_wconf 91' lang='grc'>81</span> <span class='ocrx_word' id='word_1_301' title='bbox 2348 4376 2416 4432; x_wconf 88' lang='lat' dir='ltr'>F.</span> 
     </span>
     <span class='ocr_line' id='line_1_40' title="bbox 262 4422 2535 4540; baseline -0.001 -17"><span class='ocrx_word' id='word_1_302' title='bbox 262 4466 335 4523; x_wconf 90' lang='grc'>82</span> <span class='ocrx_word' id='word_1_303' title='bbox 380 4469 454 4524; x_wconf 88' lang='lat' dir='ltr'>R.</span> <span class='ocrx_word' id='word_1_304' title='bbox 487 4467 612 4524; x_wconf 87' lang='lat' dir='ltr'>Sen.</span> <span class='ocrx_word' id='word_1_305' title='bbox 642 4468 709 4523; x_wconf 84' lang='lat' dir='ltr'>de</span> <span class='ocrx_word' id='word_1_306' title='bbox 740 4475 913 4523; x_wconf 87' lang='lat' dir='ltr'>const.</span> <span class='ocrx_word' id='word_1_307' title='bbox 945 4485 1058 4540; x_wconf 82' lang='lat' dir='ltr'>sap.</span> <span class='ocrx_word' id='word_1_308' title='bbox 1089 4467 1189 4537; x_wconf 90' lang='grc'><strong>16,</strong></span> <span class='ocrx_word' id='word_1_309' title='bbox 1213 4464 1252 4520; x_wconf 95' lang='grc'>4</span> <span class='ocrx_word' id='word_1_310' title='bbox 1382 4464 1462 4521; x_wconf 90' lang='grc'>83</span> <span class='ocrx_word' id='word_1_311' title='bbox 1509 4463 1616 4520; x_wconf 88' lang='grc' dir='ltr'><strong>Βο.</strong></span> <span class='ocrx_word' id='word_1_312' title='bbox 1647 4462 1849 4519; x_wconf 79' lang='lat' dir='ltr'>Erasm.</span> <span class='ocrx_word' id='word_1_313' title='bbox 1883 4422 2048 4537; x_wconf 79' lang='lat' dir='ltr'>Adag.</span> <span class='ocrx_word' id='word_1_314' title='bbox 2180 4460 2260 4521; x_wconf 85' lang='lat'>84</span> <span class='ocrx_word' id='word_1_315' title='bbox 2306 4462 2376 4519; x_wconf 88' lang='lat' dir='ltr'>F.</span> <span class='ocrx_word' id='word_1_316' title='bbox 2409 4462 2535 4520; x_wconf 88' lang='lat' dir='ltr'>Sen.</span> 
     </span>
    </p>
   </div>
   <div class='ocr_carea' id='block_1_8' title="bbox 259 4547 1408 4625">
    <p class='ocr_par' dir='ltr' id='par_1_8' title="bbox 259 4547 1408 4625">
     <span class='ocr_line' id='line_1_41' title="bbox 259 4547 1408 4625; baseline -0.004 -18"><span class='ocrx_word' id='word_1_317' title='bbox 259 4554 410 4625; x_wconf 82' lang='lat' dir='ltr'>epist.</span> <span class='ocrx_word' id='word_1_318' title='bbox 446 4551 506 4625; x_wconf 88' lang='grc'>2,</span> <span class='ocrx_word' id='word_1_319' title='bbox 539 4551 575 4609; x_wconf 90' lang='grc'>6</span> <span class='ocrx_word' id='word_1_320' title='bbox 749 4551 828 4610; x_wconf 87' lang='grc'>85</span> <span class='ocrx_word' id='word_1_321' title='bbox 875 4553 981 4610; x_wconf 85' lang='grc' dir='ltr'><strong>Βο.</strong></span> <span class='ocrx_word' id='word_1_322' title='bbox 1010 4550 1213 4606; x_wconf 81' lang='lat' dir='ltr'>Erasmi</span> <span class='ocrx_word' id='word_1_323' title='bbox 1245 4547 1408 4622; x_wconf 75' lang='lat' dir='ltr'>Adag.</span> 
     </span>
    </p>
   </div>
  </div>
 </body>
</html>
