3209 5184
1169 444 1719 492 PROLEGOMENA.
2511 428 2597 494 59

289 601 419 681 tis,
476 608 551 664 ut
603 599 728 664 hac
770 620 1031 686 quoque
1073 597 1156 662 de
1200 620 1397 664 causa
1439 620 1670 666 versus
1714 620 1755 665 a
1798 597 2082 665 Grutero
2129 621 2214 666 ex
2257 598 2593 666 codicibus

292 700 628 766 Palatinis
672 710 974 787 receptus
1690 773 1706 790 .

756 840 1018 903 Gemitus
1060 845 1280 904 dolores
1320 844 1559 912 indicat,
1601 862 1727 924 non
1768 845 2043 913 vindicat,

292 998 339 1038 a
385 973 672 1039 Publilio
726 973 1203 1040 abiudicandus
1250 976 1356 1039 sit.
1443 976 1734 1040 Maxime
1788 996 1944 1041 vero
1988 973 2349 1039 delectatur
2390 975 2593 1060 gemi-

172 1096 197 1109 “
292 1077 587 1159 natione,
634 1085 708 1140 ut
752 1075 927 1140 idem
974 1076 1364 1144 vocabulum
1409 1078 1509 1142 bis
1557 1077 1864 1165 deinceps
1908 1085 2206 1164 ponatur.
2297 1076 2435 1141 cfr.

722 1243 755 1290 3
797 1233 1056 1295 Animus
1095 1238 1280 1295 vereri
1321 1238 1423 1309 qui
1464 1238 1586 1305 scit,
1631 1238 1735 1295 scit
1777 1241 1905 1295 tuta
1945 1238 2189 1311 ireyredi.

651 1345 754 1394 216
794 1338 987 1397 Homo
1030 1356 1197 1411 saepe
1236 1338 1426 1410 fertur
1465 1339 1536 1397 in
1576 1339 1759 1406 aliud,
1804 1339 1968 1397 abiud
2010 1340 2235 1412 coyitat.

652 1447 752 1496 412
795 1438 939 1500 Non
978 1458 1200 1513 semper
1240 1458 1444 1499 aurem
1485 1441 1717 1512 facilem
1756 1441 2014 1512 facilitas
2054 1440 2238 1499 habet.

651 1549 751 1597 463
794 1542 916 1602 Pro
958 1543 1245 1601 medicina
1288 1547 1369 1601 est
1410 1543 1587 1611 dolor,
1634 1544 1883 1601 dolorem
1924 1543 2026 1614 qui
2068 1545 2249 1601 necat.

651 1650 753 1698 524
797 1644 912 1718 Qui
952 1645 1109 1703 timet
1153 1646 1424 1713 amicum,
1469 1648 1692 1704 amicus
1735 1649 1802 1703 ut
1843 1646 2041 1702 timeat
2083 1644 2254 1702 docet.

650 1751 748 1800 541
797 1746 912 1821 Qui
944 1751 1079 1819 pote
1120 1747 1301 1805 celare
1342 1748 1567 1815 vitiwm,
1611 1748 1819 1805 vitium
1861 1763 1983 1804 non
2023 1745 2185 1816 facit.

297 1914 472 1979 quae
523 1890 780 1956 librarii
836 1891 1137 1978 pluribus
1194 1891 1356 1958 locis
1410 1892 1920 1981 transpositione
1963 1860 2315 1956 v'erborum
2359 1891 2592 1956 obscu-

296 2003 637 2059 raverunt.
727 1994 832 2058 Of.
891 2015 957 2058 v.
1001 1994 1045 2057 4
1095 1995 1360 2077 infirma
1411 1998 1636 2079 firma,
1699 1994 1819 2059 179
1861 1994 2077 2076 perdit
2116 1994 2407 2075 perdere,
2469 1992 2595 2055 224

288 2117 537 2180 pareas
578 2116 851 2178 parca5‚
917 2095 1038 2159 291
1095 2097 1300 2161 valere
1352 2098 1590 2175 valent,
1661 2096 1788 2160 340
1843 2096 2057 2161 multis
2111 2096 2352 2173 multis,
2425 2096 2596 2176 cupii

299 2201 502 2282 cupit,
559 2198 689 2263 584
728 2218 912 2280 posse
954 2201 1186 2280 possit,
1245 2207 1310 2261 et
1365 2221 1430 2262 v,
1497 2199 1651 2280 138,
1695 2199 1767 2261 si
1823 2218 1982 2291 vvera
2039 2205 2139 2261 est
2199 2196 2592 2277 coniectura,

302 2303 615 2365 amissum
672 2302 1002 2365 amittitur.
1091 2299 1460 2387 Aliquoties
1527 2309 1745 2364 tamen
1800 2298 2046 2363 factum
2102 2305 2231 2379 est,
2297 2304 2371 2360 ut
2433 2295 2592 2362 haec

300 2403 514 2486 figura
558 2402 751 2465 metri
793 2402 1168 2466 necessitati
1215 2400 1507 2484 cederet,
1565 2400 1750 2466 velut
1792 2423 1858 2465 v.
1901 2400 1987 2465 50
2029 2401 2223 2465 emori
2265 2401 2457 2482 mori,
2511 2398 2593 2462 66

305 2505 696 2568 interimitur
727 2506 916 2586 perit,
961 2503 1087 2568 598
1131 2506 1345 2569 timere
1389 2509 1645 2569 metuas·
1736 2500 1819 2566 In
1846 2502 1973 2567 hoc
2000 2511 2135 2565 tam
2168 2501 2410 2584 insigni
2444 2523 2591 2565 con-

302 2606 645 2669 cinnitatis
703 2605 920 2670 studio
976 2605 1119 2669 fieri
1172 2606 1290 2675 vix
1346 2607 1593 2692 potuit,
1651 2615 1723 2670 ut
1778 2602 2102 2669 Publilius
2160 2625 2224 2667 v.
2280 2603 2363 2667 33
2418 2600 2595 2666 nulla

302 2707 670 2772 tetrametri
726 2706 872 2791 lege
926 2706 1278 2794 impeditus
1326 2704 1629 2772 maluerit
1673 2706 1957 2779 scribere
2002 2710 2311 2788 quantum
2353 2706 2589 2783 melior,

305 2814 478 2874 tanto
522 2810 805 2890 nequior.

476 2911 642 2975 Cum
673 2908 946 2973 Publilii
992 2911 1356 2974 sententiae
1400 2933 1518 2998 pro
1563 2911 1739 2975 vitae
1783 2912 2148 2998 praeceptis
2181 2908 2313 2972 sint
2346 2908 2590 2973 haben-

306 3012 460 3094 dae,
505 3012 975 3097 gravissimum
1019 3013 1142 3077 erit
1185 3014 1537 3099 inquirere,
1584 3035 1714 3099 qua
1756 3011 2068 3079 orationis
2113 3009 2323 3075 forma
2365 3011 2433 3074 in
2476 3009 2590 3073 ad-

306 3114 631 3179 monendo
676 3136 832 3178 usus
876 3114 985 3177 sit.
1071 3114 1376 3199 Magistri
1420 3115 1684 3178 virtutis
1727 3124 1826 3178 est
1856 3136 2000 3178 cum
2031 3113 2265 3179 docere
2293 3110 2454 3198 quid
2483 3112 2591 3193 sit,

307 3226 443 3280 tum
498 3216 877 3303 praecipere
931 3230 1114 3302 quae
1153 3216 1371 3280 facere
1414 3216 1787 3280 debeamus.
1875 3215 2160 3281 Docenti
2202 3222 2275 3278 ut
2320 3223 2419 3277 est
2458 3236 2590 3277 ma-

306 3320 480 3382 xime
540 3327 1045 3382 consentaneum
1095 3318 1194 3382 uti
1250 3318 1443 3383 modo
1501 3316 1857 3384 indicativo
1873 3317 1972 3401 ²⁸),
2039 3319 2132 3382 ita
2195 3316 2591 3396 exhortanti,

304 3428 494 3506 prout
536 3417 836 3501 libuerit,
891 3429 1005 3484 aut
1045 3414 1433 3508 im‘perativo
1489 3429 1603 3484 aut
1655 3420 1983 3505 praesenti
2035 3418 2434 3482 coniunctivi
2477 3426 2593 3480 aut

306 3521 522 3585 futuro
580 3520 932 3584 indicativi
984 3523 1081 3586 uti
1136 3521 1311 3586 licet.
1402 3520 1533 3586 Sed
1595 3522 2118 3608 imperativo,
2178 3520 2329 3603 quia
2382 3519 2590 3605 poetis

306 3605 673 3708 imperandi
714 3622 818 3686 ius
862 3624 1077 3687 minus
1111 3624 1501 3711 permissum
1532 3633 1652 3707 est,
1699 3620 1991 3688 consulto
2020 3620 2338 3685 abstinuit
2369 3618 2590 3682 Publi-

308 3722 429 3787 lius
477 3731 755 3810 excepto
797 3745 926 3788 uno
971 3746 1167 3788 versu
1207 3725 1329 3789 261
2381 3742 2390 3745 “

794 3865 897 3924 Ita
941 3867 1099 3925 crede
1143 3869 1347 3935 amico,
1392 3885 1465 3925 oie
1507 3868 1582 3925 sit
1631 3868 1861 3926 irie‘mico
1906 3867 2078 3936 loca-5,

303 3994 415 4059 ubi
470 3996 964 4060 coniunctivum
1018 3998 1229 4082 magis
1277 4019 1361 4060 ex
1402 4018 1529 4059 usu
1572 3997 1913 4083 scriptoris
1967 4018 2108 4061 esse
2152 3996 2402 4060 librarii
2445 3995 2589 4058 Fri-

303 4098 521 4182 gensis
566 4095 789 4184 lapsus
823 4098 1094 4182 (credas)
1127 4100 1287 4162 satis
1334 4097 1643 4182 ostendit,
1689 4120 1810 4162 nec
1853 4098 2143 4186 profecto
2183 4099 2278 4162 ita
2308 4097 2589 4162 scribere

438 4319 496 4385 *)
532 4322 690 4371 Unus
729 4326 816 4370 est
850 4337 1058 4380 versus,
1097 4323 1154 4372 in
1192 4338 1297 4387 quo
1333 4327 1500 4387 poeta
1535 4323 1713 4389 prima
1749 4338 1984 4388 persona
2019 4336 2152 4371 usus
2177 4319 2244 4371 de
2270 4323 2445 4370 semet
2469 4321 2589 4385 ipso

302 4405 569 4470 loquitur,
618 4408 716 4455 146
753 4401 903 4456 Deos
948 4403 1129 4455 ridere
1173 4404 1361 4469 cred0,
1407 4420 1531 4458 cum
1576 4404 1716 4469 felix
1758 4386 1931 4470 vocet,
1978 4412 2224 4457 ceterum
2270 4421 2303 4456 a
2340 4404 2592 4457 codicum

300 4490 643 4540 auctoritate
678 4505 871 4554 parum
908 4490 1341 4545 commendatus,
