<?xml version="1.0" encoding="UTF-8"?>
<!DOCTYPE html PUBLIC "-//W3C//DTD XHTML 1.0 Transitional//EN"
    "http://www.w3.org/TR/xhtml1/DTD/xhtml1-transitional.dtd">
<html xmlns="http://www.w3.org/1999/xhtml" xml:lang="en" lang="en">
 <head>
  <title>
</title>
<meta http-equiv="Content-Type" content="text/html;charset=utf-8" />
  <meta name='ocr-system' content='tesseract 3.04.00' />
  <meta name='ocr-capabilities' content='ocr_page ocr_carea ocr_par ocr_line ocrx_word'/>
</head>
<body>
  <div class='ocr_page' id='page_1' title='image "./publiliisyrisen01martgoog_0011.png"; bbox 0 0 3209 5184; ppageno 0'>
   <div class='ocr_carea' id='block_1_1' title="bbox 717 1454 2410 1583">
    <p class='ocr_par' dir='ltr' id='par_1_1' title="bbox 717 1454 2410 1583">
     <span class='ocr_line' id='line_1_1' title="bbox 717 1454 2410 1583; baseline 0.004 -31"><span class='ocrx_word' id='word_1_1' title='bbox 717 1470 782 1553; x_wconf 89' lang='grc' dir='ltr'>Ι.</span> <span class='ocrx_word' id='word_1_2' title='bbox 879 1470 999 1555; x_wconf 91' lang='lat' dir='ltr'>De</span> <span class='ocrx_word' id='word_1_3' title='bbox 1058 1454 1401 1558; x_wconf 91' lang='lat' dir='ltr'>Publilio</span> <span class='ocrx_word' id='word_1_4' title='bbox 1464 1471 1654 1583; x_wconf 81' lang='lat' dir='ltr'>Syro</span> <span class='ocrx_word' id='word_1_5' title='bbox 1715 1469 2294 1583; x_wconf 82' lang='lat' dir='ltr'><strong>mimographo.</strong></span> <span class='ocrx_word' id='word_1_6' title='bbox 2403 1555 2410 1559; x_wconf 82' lang='grc'>.</span> 
     </span>
    </p>
   </div>
   <div class='ocr_carea' id='block_1_2' title="bbox 356 1687 2655 2388">
    <p class='ocr_par' dir='ltr' id='par_1_2' title="bbox 356 1687 2655 2388">
     <span class='ocr_line' id='line_1_2' title="bbox 535 1687 2649 1776; baseline 0 -24"><span class='ocrx_word' id='word_1_7' title='bbox 535 1688 792 1752; x_wconf 82' lang='lat' dir='ltr'>Nomen</span> <span class='ocrx_word' id='word_1_8' title='bbox 823 1687 1088 1753; x_wconf 89' lang='lat' dir='ltr'>Publilii</span> <span class='ocrx_word' id='word_1_9' title='bbox 1120 1688 1272 1775; x_wconf 83' lang='lat' dir='ltr'>Syri</span> <span class='ocrx_word' id='word_1_10' title='bbox 1316 1691 1533 1755; x_wconf 87' lang='lat' dir='ltr'>varias</span> <span class='ocrx_word' id='word_1_11' title='bbox 1580 1697 1921 1776; x_wconf 87' lang='lat' dir='ltr'>expertum</span> <span class='ocrx_word' id='word_1_12' title='bbox 1966 1698 2065 1753; x_wconf 92' lang='lat' dir='ltr'>est</span> <span class='ocrx_word' id='word_1_13' title='bbox 2107 1690 2406 1753; x_wconf 85' lang='lat' dir='ltr'>fortunae</span> <span class='ocrx_word' id='word_1_14' title='bbox 2449 1689 2649 1753; x_wconf 88' lang='lat' dir='ltr'>vices.</span> 
     </span>
     <span class='ocr_line' id='line_1_3' title="bbox 356 1789 2650 1877; baseline 0 -24"><span class='ocrx_word' id='word_1_15' title='bbox 356 1791 536 1853; x_wconf 83' lang='lat' dir='ltr'>Nam</span> <span class='ocrx_word' id='word_1_16' title='bbox 582 1810 726 1852; x_wconf 92' lang='lat' dir='ltr'>cum</span> <span class='ocrx_word' id='word_1_17' title='bbox 771 1810 888 1876; x_wconf 90' lang='lat' dir='ltr'>per</span> <span class='ocrx_word' id='word_1_18' title='bbox 930 1798 1170 1874; x_wconf 90' lang='lat' dir='ltr'>totum,</span> <span class='ocrx_word' id='word_1_19' title='bbox 1230 1791 1405 1877; x_wconf 92' lang='lat' dir='ltr'>quod</span> <span class='ocrx_word' id='word_1_20' title='bbox 1450 1789 1710 1874; x_wconf 90' lang='lat' dir='ltr'>dicunt,</span> <span class='ocrx_word' id='word_1_21' title='bbox 1767 1791 2056 1855; x_wconf 90' lang='lat' dir='ltr'>medium</span> <span class='ocrx_word' id='word_1_22' title='bbox 2099 1813 2335 1856; x_wconf 88' lang='lat' dir='ltr'>aevum</span> <span class='ocrx_word' id='word_1_23' title='bbox 2378 1791 2448 1854; x_wconf 90' lang='lat' dir='ltr'>in</span> <span class='ocrx_word' id='word_1_24' title='bbox 2491 1789 2650 1854; x_wconf 91' lang='lat' dir='ltr'>obli-</span> 
     </span>
     <span class='ocr_line' id='line_1_4' title="bbox 357 1890 2652 1980; baseline 0 -27"><span class='ocrx_word' id='word_1_25' title='bbox 357 1893 628 1956; x_wconf 84' lang='lat' dir='ltr'>vionem</span> <span class='ocrx_word' id='word_1_26' title='bbox 674 1892 1018 1956; x_wconf 77' lang='lat' dir='ltr'>cecidisset</span> <span class='ocrx_word' id='word_1_27' title='bbox 1061 1900 1125 1955; x_wconf 92' lang='lat' dir='ltr'>et</span> <span class='ocrx_word' id='word_1_28' title='bbox 1157 1890 1404 1957; x_wconf 85' lang='lat' dir='ltr'>Seneca</span> <span class='ocrx_word' id='word_1_29' title='bbox 1445 1891 1867 1980; x_wconf 90' lang='lat' dir='ltr'>philosophus</span> <span class='ocrx_word' id='word_1_30' title='bbox 1912 1915 2134 1958; x_wconf 90' lang='lat' dir='ltr'>earum</span> <span class='ocrx_word' id='word_1_31' title='bbox 2163 1893 2652 1973; x_wconf 90' lang='lat' dir='ltr'>sententiarum,</span> 
     </span>
     <span class='ocr_line' id='line_1_5' title="bbox 359 1991 2649 2082; baseline 0.001 -27"><span class='ocrx_word' id='word_1_32' title='bbox 359 2014 528 2078; x_wconf 87' lang='lat' dir='ltr'>quas</span> <span class='ocrx_word' id='word_1_33' title='bbox 561 1991 908 2075; x_wconf 79' lang='lat' dir='ltr'>edidimuS,</span> <span class='ocrx_word' id='word_1_34' title='bbox 939 2003 1167 2058; x_wconf 85' lang='lat' dir='ltr'>auctor</span> <span class='ocrx_word' id='word_1_35' title='bbox 1197 2003 1368 2058; x_wconf 90' lang='lat' dir='ltr'>esset</span> <span class='ocrx_word' id='word_1_36' title='bbox 1399 1994 1686 2078; x_wconf 87' lang='lat' dir='ltr'>habitus,</span> <span class='ocrx_word' id='word_1_37' title='bbox 1722 1995 1945 2060; x_wconf 78' lang='lat' dir='ltr'>extitit</span> <span class='ocrx_word' id='word_1_38' title='bbox 1975 1994 2236 2082; x_wconf 87' lang='lat' dir='ltr'>quidem</span> <span class='ocrx_word' id='word_1_39' title='bbox 2264 1994 2649 2060; x_wconf 87' lang='lat' dir='ltr'>Desiderius</span> 
     </span>
     <span class='ocr_line' id='line_1_6' title="bbox 361 2094 2652 2182; baseline 0.001 -25"><span class='ocrx_word' id='word_1_40' title='bbox 361 2095 717 2176; x_wconf 85' lang='lat' dir='ltr'>Erasmus,</span> <span class='ocrx_word' id='word_1_41' title='bbox 779 2095 890 2181; x_wconf 92' lang='lat' dir='ltr'>qui</span> <span class='ocrx_word' id='word_1_42' title='bbox 944 2094 1089 2160; x_wconf 87' lang='lat' dir='ltr'>illas</span> <span class='ocrx_word' id='word_1_43' title='bbox 1136 2117 1252 2160; x_wconf 91' lang='lat' dir='ltr'>suo</span> <span class='ocrx_word' id='word_1_44' title='bbox 1302 2099 1553 2162; x_wconf 90' lang='lat' dir='ltr'>auctori</span> <span class='ocrx_word' id='word_1_45' title='bbox 1597 2096 1994 2182; x_wconf 86' lang='lat' dir='ltr'>vindicaret,</span> <span class='ocrx_word' id='word_1_46' title='bbox 2053 2097 2170 2162; x_wconf 90' lang='lat' dir='ltr'>sed</span> <span class='ocrx_word' id='word_1_47' title='bbox 2214 2098 2386 2162; x_wconf 91' lang='lat' dir='ltr'>idem</span> <span class='ocrx_word' id='word_1_48' title='bbox 2432 2118 2652 2161; x_wconf 89' lang='lat' dir='ltr'>recen-</span> 
     </span>
     <span class='ocr_line' id='line_1_7' title="bbox 359 2195 2652 2286; baseline 0 -26"><span class='ocrx_word' id='word_1_49' title='bbox 359 2197 606 2262; x_wconf 84' lang='lat' dir='ltr'>tiorum</span> <span class='ocrx_word' id='word_1_50' title='bbox 649 2195 964 2261; x_wconf 90' lang='lat' dir='ltr'>librorum</span> <span class='ocrx_word' id='word_1_51' title='bbox 1009 2197 1389 2285; x_wconf 84' lang='lat' dir='ltr'>corruptelis</span> <span class='ocrx_word' id='word_1_52' title='bbox 1435 2199 1505 2262; x_wconf 92' lang='lat' dir='ltr'>in</span> <span class='ocrx_word' id='word_1_53' title='bbox 1549 2220 1831 2262; x_wconf 88' lang='lat' dir='ltr'>errorem</span> <span class='ocrx_word' id='word_1_54' title='bbox 1874 2198 2266 2286; x_wconf 85' lang='lat' dir='ltr'>implicatus,</span> <span class='ocrx_word' id='word_1_55' title='bbox 2311 2208 2446 2263; x_wconf 86' lang='lat' dir='ltr'>tam</span> <span class='ocrx_word' id='word_1_56' title='bbox 2474 2219 2652 2262; x_wconf 90' lang='lat' dir='ltr'>mon-</span> 
     </span>
     <span class='ocr_line' id='line_1_8' title="bbox 363 2297 2655 2388; baseline 0 -26"><span class='ocrx_word' id='word_1_57' title='bbox 363 2308 653 2363; x_wconf 89' lang='lat' dir='ltr'>strosum</span> <span class='ocrx_word' id='word_1_58' title='bbox 683 2297 945 2363; x_wconf 86' lang='lat' dir='ltr'>induxit</span> <span class='ocrx_word' id='word_1_59' title='bbox 978 2298 1256 2363; x_wconf 90' lang='lat' dir='ltr'>Publii</span> <span class='ocrx_word' id='word_1_60' title='bbox 1293 2298 1476 2387; x_wconf 85' lang='lat' dir='ltr'>Syri</span> <span class='ocrx_word' id='word_1_61' title='bbox 1519 2322 1774 2384; x_wconf 88' lang='lat' dir='ltr'>nomen,</span> <span class='ocrx_word' id='word_1_62' title='bbox 1808 2310 1880 2365; x_wconf 90' lang='lat' dir='ltr'>ut</span> <span class='ocrx_word' id='word_1_63' title='bbox 1913 2300 2232 2388; x_wconf 85' lang='lat' dir='ltr'>quomodo</span> <span class='ocrx_word' id='word_1_64' title='bbox 2263 2320 2655 2387; x_wconf 88' lang='lat' dir='ltr'>praenomen</span> 
     </span>
    </p>
   </div>
   <div class='ocr_carea' id='block_1_3' title="bbox 361 2399 2772 2488">
    <p class='ocr_par' dir='ltr' id='par_1_3' title="bbox 361 2399 2772 2488">
     <span class='ocr_line' id='line_1_9' title="bbox 361 2399 2772 2488; baseline -0 -24"><span class='ocrx_word' id='word_1_65' title='bbox 361 2402 437 2464; x_wconf 88' lang='lat' dir='ltr'>in</span> <span class='ocrx_word' id='word_1_66' title='bbox 481 2421 715 2464; x_wconf 90' lang='lat' dir='ltr'>nomen</span> <span class='ocrx_word' id='word_1_67' title='bbox 758 2399 1004 2484; x_wconf 86' lang='lat' dir='ltr'>gentile</span> <span class='ocrx_word' id='word_1_68' title='bbox 1047 2400 1305 2484; x_wconf 87' lang='lat' dir='ltr'>abierit,</span> <span class='ocrx_word' id='word_1_69' title='bbox 1351 2404 1469 2467; x_wconf 88' lang='lat' dir='ltr'>vix</span> <span class='ocrx_word' id='word_1_70' title='bbox 1515 2401 1827 2488; x_wconf 80' lang='lat' dir='ltr'>expliceS,</span> <span class='ocrx_word' id='word_1_71' title='bbox 1874 2403 2003 2467; x_wconf 90' lang='lat' dir='ltr'>nisi</span> <span class='ocrx_word' id='word_1_72' title='bbox 2047 2402 2218 2467; x_wconf 87' lang='lat' dir='ltr'>forte</span> <span class='ocrx_word' id='word_1_73' title='bbox 2257 2401 2342 2466; x_wconf 91' lang='lat' dir='ltr'>ad</span> <span class='ocrx_word' id='word_1_74' title='bbox 2374 2401 2653 2466; x_wconf 89' lang='lat' dir='ltr'>celeber·</span> <span class='ocrx_word' id='word_1_75' title='bbox 2766 2442 2772 2448; x_wconf 92' lang='lat'><em>-</em></span> 
     </span>
    </p>
   </div>
   <div class='ocr_carea' id='block_1_4' title="bbox 358 2493 2758 4696">
    <p class='ocr_par' dir='ltr' id='par_1_4' title="bbox 364 2493 2665 3694">
     <span class='ocr_line' id='line_1_10' title="bbox 364 2493 2653 2590; baseline 0 -25"><span class='ocrx_word' id='word_1_76' title='bbox 364 2503 607 2566; x_wconf 87' lang='lat' dir='ltr'>rimum</span> <span class='ocrx_word' id='word_1_77' title='bbox 651 2502 811 2566; x_wconf 89' lang='lat' dir='ltr'>iuris</span> <span class='ocrx_word' id='word_1_78' title='bbox 858 2504 1300 2590; x_wconf 85' lang='lat' dir='ltr'>interpretem,</span> <span class='ocrx_word' id='word_1_79' title='bbox 1350 2493 1603 2567; x_wconf 75' lang='lat' dir='ltr'>Gaium‘</span> <span class='ocrx_word' id='word_1_80' title='bbox 1638 2503 1806 2586; x_wconf 80' lang='lat' dir='ltr'>dico,</span> <span class='ocrx_word' id='word_1_81' title='bbox 1852 2503 1960 2567; x_wconf 88' lang='lat' dir='ltr'>vel</span> <span class='ocrx_word' id='word_1_82' title='bbox 2001 2502 2086 2567; x_wconf 90' lang='lat' dir='ltr'>ad</span> <span class='ocrx_word' id='word_1_83' title='bbox 2118 2503 2415 2568; x_wconf 90' lang='lat' dir='ltr'>Marcum</span> <span class='ocrx_word' id='word_1_84' title='bbox 2460 2525 2653 2567; x_wconf 87' lang='lat' dir='ltr'>evan-</span> 
     </span>
     <span class='ocr_line' id='line_1_11' title="bbox 366 2596 2655 2692; baseline 0 -26"><span class='ocrx_word' id='word_1_85' title='bbox 366 2602 671 2688; x_wconf 85' lang='lat' dir='ltr'>gelistam</span> <span class='ocrx_word' id='word_1_86' title='bbox 729 2602 896 2668; x_wconf 90' lang='lat' dir='ltr'>velis</span> <span class='ocrx_word' id='word_1_87' title='bbox 955 2625 1330 2690; x_wconf 88' lang='lat' dir='ltr'>provocare.</span> <span class='ocrx_word' id='word_1_88' title='bbox 1418 2605 1678 2670; x_wconf 87' lang='lat' dir='ltr'>Nostris</span> <span class='ocrx_word' id='word_1_89' title='bbox 1738 2614 1949 2670; x_wconf 87' lang='lat' dir='ltr'>autem</span> <span class='ocrx_word' id='word_1_90' title='bbox 2010 2605 2445 2692; x_wconf 85' lang='lat' dir='ltr'>temporibus,</span> <span class='ocrx_word' id='word_1_91' title='bbox 2477 2596 2655 2669; x_wconf 56' lang='lat' dir='ltr'>‘cum</span> 
     </span>
     <span class='ocr_line' id='line_1_12' title="bbox 368 2703 2654 2789; baseline -0 -19"><span class='ocrx_word' id='word_1_92' title='bbox 368 2703 690 2789; x_wconf 83' lang='lat' dir='ltr'>Silligius,</span> <span class='ocrx_word' id='word_1_93' title='bbox 738 2703 1152 2771; x_wconf 90' lang='lat' dir='ltr'>doctissimus</span> <span class='ocrx_word' id='word_1_94' title='bbox 1184 2704 1385 2769; x_wconf 91' lang='lat' dir='ltr'>Plinii</span> <span class='ocrx_word' id='word_1_95' title='bbox 1431 2704 1666 2788; x_wconf 85' lang='lat' dir='ltr'>editor,</span> <span class='ocrx_word' id='word_1_96' title='bbox 1697 2708 2145 2771; x_wconf 87' lang='lat' dir='ltr'>auctoritatem</span> <span class='ocrx_word' id='word_1_97' title='bbox 2190 2706 2433 2789; x_wconf 87' lang='lat' dir='ltr'>codicis</span> <span class='ocrx_word' id='word_1_98' title='bbox 2464 2707 2654 2769; x_wconf 86' lang='lat' dir='ltr'>Bam-</span> 
     </span>
     <span class='ocr_line' id='line_1_13' title="bbox 368 2806 2655 2896; baseline 0.001 -27"><span class='ocrx_word' id='word_1_99' title='bbox 368 2806 713 2891; x_wconf 88' lang='lat' dir='ltr'>bergensis</span> <span class='ocrx_word' id='word_1_100' title='bbox 746 2815 1026 2889; x_wconf 90' lang='lat' dir='ltr'>secutus,</span> <span class='ocrx_word' id='word_1_101' title='bbox 1057 2828 1284 2891; x_wconf 80' lang='lat' dir='ltr'>verum</span> <span class='ocrx_word' id='word_1_102' title='bbox 1316 2806 1667 2872; x_wconf 90' lang='lat' dir='ltr'>Publilii</span> <span class='ocrx_word' id='word_1_103' title='bbox 1711 2830 1949 2873; x_wconf 90' lang='lat' dir='ltr'>nomen</span> <span class='ocrx_word' id='word_1_104' title='bbox 1977 2817 2207 2896; x_wconf 89' lang='lat' dir='ltr'>poetae</span> <span class='ocrx_word' id='word_1_105' title='bbox 2234 2806 2655 2890; x_wconf 86' lang='lat' dir='ltr'>reddidisset,</span> 
     </span>
     <span class='ocr_line' id='line_1_14' title="bbox 365 2902 2654 2991; baseline 0 -19"><span class='ocrx_word' id='word_1_106' title='bbox 365 2931 406 2972; x_wconf 88' lang='lat' dir='ltr'>a</span> <span class='ocrx_word' id='word_1_107' title='bbox 449 2907 700 2991; x_wconf 89' lang='lat' dir='ltr'>multis,</span> <span class='ocrx_word' id='word_1_108' title='bbox 744 2917 820 2972; x_wconf 93' lang='lat' dir='ltr'>ut</span> <span class='ocrx_word' id='word_1_109' title='bbox 865 2916 964 2972; x_wconf 88' lang='lat' dir='ltr'>est</span> <span class='ocrx_word' id='word_1_110' title='bbox 1009 2902 1469 2973; x_wconf 86' lang='lat' dir='ltr'>difficillimum</span> <span class='ocrx_word' id='word_1_111' title='bbox 1516 2909 1886 2975; x_wconf 88' lang='lat' dir='ltr'>diuturnam</span> <span class='ocrx_word' id='word_1_112' title='bbox 1936 2912 2196 2974; x_wconf 83' lang='lat' dir='ltr'>vincere</span> <span class='ocrx_word' id='word_1_113' title='bbox 2241 2908 2654 2976; x_wconf 89' lang='lat' dir='ltr'>consuetudi-</span> 
     </span>
     <span class='ocr_line' id='line_1_15' title="bbox 365 3003 2656 3096; baseline 0 -23"><span class='ocrx_word' id='word_1_114' title='bbox 365 3031 541 3093; x_wconf 90' lang='lat' dir='ltr'>nem,</span> <span class='ocrx_word' id='word_1_115' title='bbox 591 3010 653 3073; x_wconf 88' lang='lat' dir='ltr'>ei</span> <span class='ocrx_word' id='word_1_116' title='bbox 699 3008 1021 3093; x_wconf 87' lang='lat' dir='ltr'>denegata</span> <span class='ocrx_word' id='word_1_117' title='bbox 1067 3019 1165 3074; x_wconf 90' lang='lat' dir='ltr'>est</span> <span class='ocrx_word' id='word_1_118' title='bbox 1207 3009 1393 3094; x_wconf 86' lang='lat' dir='ltr'>fides,</span> <span class='ocrx_word' id='word_1_119' title='bbox 1440 3010 1645 3078; x_wconf 88' lang='lat' dir='ltr'>donec</span> <span class='ocrx_word' id='word_1_120' title='bbox 1677 3003 2039 3096; x_wconf 82' lang='lat' dir='ltr'>Ciceronis,</span> <span class='ocrx_word' id='word_1_121' title='bbox 2088 3012 2371 3077; x_wconf 85' lang='lat' dir='ltr'>Senecae</span> <span class='ocrx_word' id='word_1_122' title='bbox 2417 3020 2483 3074; x_wconf 91' lang='lat' dir='ltr'>et</span> <span class='ocrx_word' id='word_1_123' title='bbox 2512 3010 2656 3074; x_wconf 89' lang='lat' dir='ltr'>rhe-</span> 
     </span>
     <span class='ocr_line' id='line_1_16' title="bbox 365 3109 2658 3201; baseline -0.001 -25"><span class='ocrx_word' id='word_1_124' title='bbox 365 3113 530 3176; x_wconf 87' lang='lat' dir='ltr'>toris</span> <span class='ocrx_word' id='word_1_125' title='bbox 576 3121 640 3176; x_wconf 92' lang='lat' dir='ltr'>et</span> <span class='ocrx_word' id='word_1_126' title='bbox 682 3109 1076 3197; x_wconf 91' lang='lat' dir='ltr'>philosophi,</span> <span class='ocrx_word' id='word_1_127' title='bbox 1125 3111 1347 3195; x_wconf 81' lang='lat' dir='ltr'>Gellii,</span> <span class='ocrx_word' id='word_1_128' title='bbox 1394 3113 1738 3196; x_wconf 88' lang='lat' dir='ltr'>Macrobii,</span> <span class='ocrx_word' id='word_1_129' title='bbox 1784 3113 2171 3201; x_wconf 84' lang='lat' dir='ltr'>Hieronymi</span> <span class='ocrx_word' id='word_1_130' title='bbox 2219 3113 2421 3178; x_wconf 89' lang='lat' dir='ltr'>libros</span> <span class='ocrx_word' id='word_1_131' title='bbox 2461 3133 2658 3175; x_wconf 87' lang='lat' dir='ltr'>manu</span> 
     </span>
     <span class='ocr_line' id='line_1_17' title="bbox 367 3206 2658 3300; baseline -0 -23"><span class='ocrx_word' id='word_1_132' title='bbox 367 3214 649 3300; x_wconf 89' lang='lat' dir='ltr'>scriptos</span> <span class='ocrx_word' id='word_1_133' title='bbox 690 3211 864 3277; x_wconf 90' lang='lat' dir='ltr'>idem</span> <span class='ocrx_word' id='word_1_134' title='bbox 895 3212 1167 3278; x_wconf 92' lang='lat' dir='ltr'>Publilii</span> <span class='ocrx_word' id='word_1_135' title='bbox 1198 3236 1500 3280; x_wconf 90' lang='lat' dir='ltr'>servasse</span> <span class='ocrx_word' id='word_1_136' title='bbox 1526 3236 1765 3279; x_wconf 90' lang='lat' dir='ltr'>nomen</span> <span class='ocrx_word' id='word_1_137' title='bbox 1793 3206 2096 3280; x_wconf 90' lang='lat' dir='ltr'>innotuit.</span> <span class='ocrx_word' id='word_1_138' title='bbox 2186 3214 2288 3279; x_wconf 83' lang='lat' dir='ltr'>Of.</span> <span class='ocrx_word' id='word_1_139' title='bbox 2320 3214 2490 3279; x_wconf 89' lang='lat' dir='ltr'>Plin.</span> <span class='ocrx_word' id='word_1_140' title='bbox 2522 3221 2658 3277; x_wconf 90' lang='lat' dir='ltr'>nat.</span> 
     </span>
     <span class='ocr_line' id='line_1_18' title="bbox 368 3315 2657 3402; baseline 0 -24"><span class='ocrx_word' id='word_1_141' title='bbox 368 3315 524 3379; x_wconf 90' lang='lat' dir='ltr'>hist.</span> <span class='ocrx_word' id='word_1_142' title='bbox 571 3316 685 3399; x_wconf 79' lang='lat'>35,</span> <span class='ocrx_word' id='word_1_143' title='bbox 731 3315 851 3396; x_wconf 85' lang='lat'>58,</span> <span class='ocrx_word' id='word_1_144' title='bbox 914 3315 1067 3399; x_wconf 80' lang='lat'>1993</span> <span class='ocrx_word' id='word_1_145' title='bbox 1133 3315 1271 3381; x_wconf 84' lang='lat' dir='ltr'>Cic.</span> <span class='ocrx_word' id='word_1_146' title='bbox 1329 3316 1414 3381; x_wconf 91' lang='lat' dir='ltr'>ad</span> <span class='ocrx_word' id='word_1_147' title='bbox 1468 3316 1673 3382; x_wconf 87' lang='lat' dir='ltr'>Attic.</span> <span class='ocrx_word' id='word_1_148' title='bbox 1725 3316 1835 3399; x_wconf 89' lang='lat'>14,</span> <span class='ocrx_word' id='word_1_149' title='bbox 1879 3317 1951 3400; x_wconf 80' lang='lat'>23</span> <span class='ocrx_word' id='word_1_150' title='bbox 2011 3315 2162 3382; x_wconf 89' lang='grc'>8611.</span> <span class='ocrx_word' id='word_1_151' title='bbox 2209 3326 2501 3382; x_wconf 89' lang='lat' dir='ltr'>controv.</span> <span class='ocrx_word' id='word_1_152' title='bbox 2548 3337 2657 3402; x_wconf 88' lang='lat' dir='ltr'>pg.</span> 
     </span>
     <span class='ocr_line' id='line_1_19' title="bbox 368 3414 2665 3503; baseline 0 -23"><span class='ocrx_word' id='word_1_153' title='bbox 368 3416 521 3498; x_wconf 92' lang='lat'>202,</span> <span class='ocrx_word' id='word_1_154' title='bbox 566 3416 672 3479; x_wconf 86' lang='lat'>24.</span> <span class='ocrx_word' id='word_1_155' title='bbox 716 3416 865 3499; x_wconf 87' lang='lat'>206,</span> <span class='ocrx_word' id='word_1_156' title='bbox 913 3418 974 3481; x_wconf 83' lang='lat'>6.</span> <span class='ocrx_word' id='word_1_157' title='bbox 1008 3417 1068 3482; x_wconf 90' lang='grc'>8.</span> <span class='ocrx_word' id='word_1_158' title='bbox 1099 3418 1203 3482; x_wconf 89' lang='grc'>20.</span> <span class='ocrx_word' id='word_1_159' title='bbox 1252 3414 1395 3482; x_wconf 85' lang='grc'>6011.</span> <span class='ocrx_word' id='word_1_160' title='bbox 1428 3417 1575 3499; x_wconf 88' lang='lat'>206,</span> <span class='ocrx_word' id='word_1_161' title='bbox 1607 3419 1670 3482; x_wconf 90' lang='lat'>2.</span> <span class='ocrx_word' id='word_1_162' title='bbox 1701 3419 1848 3501; x_wconf 89' lang='lat'>211,</span> <span class='ocrx_word' id='word_1_163' title='bbox 1893 3417 1979 3481; x_wconf 91' lang='lat'>24</span> <span class='ocrx_word' id='word_1_164' title='bbox 2007 3418 2197 3481; x_wconf 91' lang='lat' dir='ltr'>Burs.</span> <span class='ocrx_word' id='word_1_165' title='bbox 2287 3417 2435 3482; x_wconf 83' lang='grc'>8611.</span> <span class='ocrx_word' id='word_1_166' title='bbox 2469 3418 2665 3503; x_wconf 66' lang='lat' dir='ltr'>epist.</span> 
     </span>
     <span class='ocr_line' id='line_1_20' title="bbox 368 3503 2659 3603; baseline -0.002 -20"><span class='ocrx_word' id='word_1_167' title='bbox 368 3520 433 3602; x_wconf 89' lang='grc'>8,</span> <span class='ocrx_word' id='word_1_168' title='bbox 471 3518 544 3601; x_wconf 71' lang='grc'>8,</span> <span class='ocrx_word' id='word_1_169' title='bbox 594 3517 766 3582; x_wconf 82' lang='lat' dir='ltr'>Gell.</span> <span class='ocrx_word' id='word_1_170' title='bbox 812 3540 877 3580; x_wconf 89' lang='lat' dir='ltr'>n.</span> <span class='ocrx_word' id='word_1_171' title='bbox 909 3539 968 3582; x_wconf 90' lang='lat' dir='ltr'>a.</span> <span class='ocrx_word' id='word_1_172' title='bbox 1005 3519 1104 3601; x_wconf 87' lang='lat'>17,</span> <span class='ocrx_word' id='word_1_173' title='bbox 1142 3518 1254 3602; x_wconf 80' lang='lat'>143</span> <span class='ocrx_word' id='word_1_174' title='bbox 1301 3503 1594 3582; x_wconf 81' lang='lat' dir='ltr'>Macrob.</span> <span class='ocrx_word' id='word_1_175' title='bbox 1644 3518 1778 3583; x_wconf 86' lang='lat' dir='ltr'>Sat.</span> <span class='ocrx_word' id='word_1_176' title='bbox 1808 3518 1870 3599; x_wconf 92' lang='lat'>2,</span> <span class='ocrx_word' id='word_1_177' title='bbox 1904 3519 1975 3603; x_wconf 75' lang='lat'>7,</span> <span class='ocrx_word' id='word_1_178' title='bbox 2010 3522 2050 3600; x_wconf 65' lang='grc' dir='ltr'>ἓ</span> <span class='ocrx_word' id='word_1_179' title='bbox 2080 3519 2142 3584; x_wconf 84' lang='grc'>5.</span> <span class='ocrx_word' id='word_1_180' title='bbox 2173 3518 2233 3582; x_wconf 90' lang='grc'>6.</span> <span class='ocrx_word' id='word_1_181' title='bbox 2265 3517 2338 3601; x_wconf 80' lang='lat'>83</span> <span class='ocrx_word' id='word_1_182' title='bbox 2384 3517 2659 3582; x_wconf 89' lang='lat' dir='ltr'>Hieron.</span> 
     </span>
     <span class='ocr_line' id='line_1_21' title="bbox 367 3618 1708 3694; baseline -0.001 -11"><span class='ocrx_word' id='word_1_183' title='bbox 367 3619 457 3683; x_wconf 91' lang='lat' dir='ltr'>ad</span> <span class='ocrx_word' id='word_1_184' title='bbox 502 3618 745 3683; x_wconf 89' lang='lat' dir='ltr'>Euseb.</span> <span class='ocrx_word' id='word_1_185' title='bbox 793 3618 1028 3685; x_wconf 85' lang='lat' dir='ltr'>Chron.</span> <span class='ocrx_word' id='word_1_186' title='bbox 1064 3619 1229 3684; x_wconf 85' lang='lat'>1974</span> <span class='ocrx_word' id='word_1_187' title='bbox 1269 3619 1551 3683; x_wconf 88' lang='lat' dir='ltr'>Amand.</span> <span class='ocrx_word' id='word_1_188' title='bbox 1590 3690 1594 3694; x_wconf 17' lang='grc' dir='ltr'><strong>Α</strong></span> <span class='ocrx_word' id='word_1_189' title='bbox 1687 3638 1708 3651; x_wconf 73' lang='grc'>’-</span> 
     </span>
    </p>

    <p class='ocr_par' dir='ltr' id='par_1_5' title="bbox 358 3718 2758 4621">
     <span class='ocr_line' id='line_1_22' title="bbox 540 3718 2660 3808; baseline 0 -24"><span class='ocrx_word' id='word_1_190' title='bbox 540 3720 733 3784; x_wconf 87' lang='lat' dir='ltr'>Nunc</span> <span class='ocrx_word' id='word_1_191' title='bbox 790 3720 1084 3803; x_wconf 87' lang='lat' dir='ltr'>demum,</span> <span class='ocrx_word' id='word_1_192' title='bbox 1153 3730 1497 3808; x_wconf 87' lang='lat' dir='ltr'>postquam</span> <span class='ocrx_word' id='word_1_193' title='bbox 1552 3721 1623 3785; x_wconf 88' lang='lat' dir='ltr'>in</span> <span class='ocrx_word' id='word_1_194' title='bbox 1677 3718 2006 3805; x_wconf 89' lang='lat' dir='ltr'>Philologi</span> <span class='ocrx_word' id='word_1_195' title='bbox 2068 3718 2198 3784; x_wconf 87' lang='lat' dir='ltr'>vol.</span> <span class='ocrx_word' id='word_1_196' title='bbox 2259 3719 2494 3784; x_wconf 90' lang='lat' dir='ltr'>XXII.</span> <span class='ocrx_word' id='word_1_197' title='bbox 2554 3741 2660 3807; x_wconf 84' lang='lat' dir='ltr'>pg.</span> 
     </span>
     <span class='ocr_line' id='line_1_23' title="bbox 367 3819 2663 3908; baseline -0.002 -21"><span class='ocrx_word' id='word_1_198' title='bbox 367 3824 499 3888; x_wconf 84' lang='lat'>439</span> <span class='ocrx_word' id='word_1_199' title='bbox 547 3844 684 3908; x_wconf 87' lang='lat' dir='ltr'>seq.</span> <span class='ocrx_word' id='word_1_200' title='bbox 729 3825 1023 3887; x_wconf 84' lang='lat' dir='ltr'>veterum</span> <span class='ocrx_word' id='word_1_201' title='bbox 1083 3823 1491 3905; x_wconf 84' lang='lat' dir='ltr'>testimonia,</span> <span class='ocrx_word' id='word_1_202' title='bbox 1551 3830 1797 3908; x_wconf 86' lang='lat' dir='ltr'>quanta</span> <span class='ocrx_word' id='word_1_203' title='bbox 1854 3820 1996 3885; x_wconf 90' lang='lat' dir='ltr'>fieri</span> <span class='ocrx_word' id='word_1_204' title='bbox 2051 3829 2305 3908; x_wconf 89' lang='lat' dir='ltr'>poterat</span> <span class='ocrx_word' id='word_1_205' title='bbox 2357 3820 2488 3884; x_wconf 90' lang='lat' dir='ltr'>fide</span> <span class='ocrx_word' id='word_1_206' title='bbox 2537 3819 2663 3886; x_wconf 90' lang='lat' dir='ltr'>col-</span> 
     </span>
     <span class='ocr_line' id='line_1_24' title="bbox 368 3921 2730 4010; baseline -0.001 -22"><span class='ocrx_word' id='word_1_207' title='bbox 368 3924 540 4009; x_wconf 88' lang='lat' dir='ltr'>legi,</span> <span class='ocrx_word' id='word_1_208' title='bbox 614 3922 882 3988; x_wconf 84' lang='lat' dir='ltr'>Publilii</span> <span class='ocrx_word' id='word_1_209' title='bbox 948 3945 1184 3990; x_wconf 88' lang='lat' dir='ltr'>nomen</span> <span class='ocrx_word' id='word_1_210' title='bbox 1238 3946 1278 3987; x_wconf 91' lang='lat' dir='ltr'>a</span> <span class='ocrx_word' id='word_1_211' title='bbox 1333 3923 1696 4010; x_wconf 89' lang='lat' dir='ltr'>plerisque,</span> <span class='ocrx_word' id='word_1_212' title='bbox 1765 3923 1936 3987; x_wconf 89' lang='lat' dir='ltr'>inter</span> <span class='ocrx_word' id='word_1_213' title='bbox 2003 3946 2163 4009; x_wconf 89' lang='lat' dir='ltr'>quos</span> <span class='ocrx_word' id='word_1_214' title='bbox 2231 3921 2666 3987; x_wconf 89' lang='lat' dir='ltr'>Ritschelium</span> <span class='ocrx_word' id='word_1_215' title='bbox 2723 3962 2730 3969; x_wconf 66' lang='lat'><em>„</em></span> 
     </span>
     <span class='ocr_line' id='line_1_25' title="bbox 366 4023 2661 4113; baseline -0.003 -22"><span class='ocrx_word' id='word_1_216' title='bbox 366 4027 639 4093; x_wconf 87' lang='lat' dir='ltr'>honoris</span> <span class='ocrx_word' id='word_1_217' title='bbox 701 4047 896 4090; x_wconf 85' lang='lat' dir='ltr'>causa</span> <span class='ocrx_word' id='word_1_218' title='bbox 950 4027 1215 4091; x_wconf 90' lang='lat' dir='ltr'>nomino</span> <span class='ocrx_word' id='word_1_219' title='bbox 1278 4026 1528 4112; x_wconf 87' lang='lat' dir='ltr'>(opusc.</span> <span class='ocrx_word' id='word_1_220' title='bbox 1585 4023 1812 4113; x_wconf 90' lang='lat' dir='ltr'>philol.</span> <span class='ocrx_word' id='word_1_221' title='bbox 1870 4024 1963 4088; x_wconf 93' lang='grc' dir='ltr'>ΙΙ.</span> <span class='ocrx_word' id='word_1_222' title='bbox 2010 4025 2198 4110; x_wconf 83' lang='grc'>663),</span> <span class='ocrx_word' id='word_1_223' title='bbox 2259 4024 2521 4111; x_wconf 89' lang='lat' dir='ltr'>probari</span> <span class='ocrx_word' id='word_1_224' title='bbox 2565 4023 2661 4086; x_wconf 89' lang='lat' dir='ltr'>vi-</span> 
     </span>
     <span class='ocr_line' id='line_1_26' title="bbox 370 4115 2662 4215; baseline -0.002 -22"><span class='ocrx_word' id='word_1_225' title='bbox 370 4130 498 4194; x_wconf 88' lang='lat' dir='ltr'>deo</span> <span class='ocrx_word' id='word_1_226' title='bbox 548 4136 613 4191; x_wconf 90' lang='lat' dir='ltr'>et</span> <span class='ocrx_word' id='word_1_227' title='bbox 656 4127 740 4192; x_wconf 87' lang='lat' dir='ltr'>ab</span> <span class='ocrx_word' id='word_1_228' title='bbox 785 4128 867 4192; x_wconf 92' lang='lat' dir='ltr'>iis</span> <span class='ocrx_word' id='word_1_229' title='bbox 911 4136 1244 4215; x_wconf 89' lang='lat' dir='ltr'>receptum</span> <span class='ocrx_word' id='word_1_230' title='bbox 1290 4148 1432 4191; x_wconf 86' lang='lat' dir='ltr'>esse</span> <span class='ocrx_word' id='word_1_231' title='bbox 1474 4127 1713 4210; x_wconf 88' lang='lat' dir='ltr'>laetor,</span> <span class='ocrx_word' id='word_1_232' title='bbox 1772 4127 1884 4212; x_wconf 90' lang='lat' dir='ltr'>qui</span> <span class='ocrx_word' id='word_1_233' title='bbox 1937 4115 2299 4190; x_wconf 77' lang='lat' dir='ltr'>litterarum</span> <span class='ocrx_word' id='word_1_234' title='bbox 2342 4126 2662 4190; x_wconf 86' lang='lat' dir='ltr'>Romana-</span> 
     </span>
     <span class='ocr_line' id='line_1_27' title="bbox 362 4224 2664 4318; baseline -0.003 -22"><span class='ocrx_word' id='word_1_235' title='bbox 362 4254 516 4296; x_wconf 83' lang='lat' dir='ltr'>rum</span> <span class='ocrx_word' id='word_1_236' title='bbox 563 4228 898 4295; x_wconf 90' lang='lat' dir='ltr'>historiam</span> <span class='ocrx_word' id='word_1_237' title='bbox 929 4230 1300 4318; x_wconf 87' lang='lat' dir='ltr'>nuperrime</span> <span class='ocrx_word' id='word_1_238' title='bbox 1339 4228 1885 4314; x_wconf 89' lang='lat' dir='ltr'>conscripserunt,</span> <span class='ocrx_word' id='word_1_239' title='bbox 1918 4227 2196 4292; x_wconf 87' lang='lat' dir='ltr'>Baehrio</span> <span class='ocrx_word' id='word_1_240' title='bbox 2230 4236 2294 4290; x_wconf 89' lang='lat' dir='ltr'>et</span> <span class='ocrx_word' id='word_1_241' title='bbox 2327 4224 2664 4290; x_wconf 81' lang='lat' dir='ltr'>TeuffeliO.</span> 
     </span>
     <span class='ocr_line' id='line_1_28' title="bbox 363 4326 2667 4417; baseline -0.003 -19"><span class='ocrx_word' id='word_1_242' title='bbox 363 4332 680 4417; x_wconf 88' lang='lat' dir='ltr'>Denique</span> <span class='ocrx_word' id='word_1_243' title='bbox 750 4332 806 4396; x_wconf 91' lang='lat' dir='ltr'>si</span> <span class='ocrx_word' id='word_1_244' title='bbox 877 4332 1019 4417; x_wconf 91' lang='lat' dir='ltr'>quis</span> <span class='ocrx_word' id='word_1_245' title='bbox 1086 4329 1447 4396; x_wconf 89' lang='lat' dir='ltr'>Publilium</span> <span class='ocrx_word' id='word_1_246' title='bbox 1512 4352 1551 4393; x_wconf 90' lang='lat' dir='ltr'>a</span> <span class='ocrx_word' id='word_1_247' title='bbox 1606 4329 1894 4394; x_wconf 89' lang='lat' dir='ltr'>librariis</span> <span class='ocrx_word' id='word_1_248' title='bbox 1965 4331 2034 4393; x_wconf 90' lang='lat' dir='ltr'>in</span> <span class='ocrx_word' id='word_1_249' title='bbox 2100 4326 2405 4393; x_wconf 90' lang='lat' dir='ltr'>Publium</span> <span class='ocrx_word' id='word_1_250' title='bbox 2472 4349 2667 4415; x_wconf 88' lang='lat' dir='ltr'>saepe</span> 
     </span>
     <span class='ocr_line' id='line_1_29' title="bbox 365 4424 2758 4522; baseline -0.003 -22"><span class='ocrx_word' id='word_1_251' title='bbox 365 4437 811 4522; x_wconf 83' lang='lat' dir='ltr'>depravatum</span> <span class='ocrx_word' id='word_1_252' title='bbox 869 4454 1010 4497; x_wconf 88' lang='lat' dir='ltr'>esse</span> <span class='ocrx_word' id='word_1_253' title='bbox 1060 4442 1135 4497; x_wconf 93' lang='lat' dir='ltr'>ut</span> <span class='ocrx_word' id='word_1_254' title='bbox 1189 4431 1487 4518; x_wconf 90' lang='lat' dir='ltr'>pluribus</span> <span class='ocrx_word' id='word_1_255' title='bbox 1552 4426 1870 4517; x_wconf 85' lang='lat' dir='ltr'>exemplis</span> <span class='ocrx_word' id='word_1_256' title='bbox 1940 4431 2355 4495; x_wconf 90' lang='lat' dir='ltr'>confirmetur</span> <span class='ocrx_word' id='word_1_257' title='bbox 2410 4427 2665 4493; x_wconf 89' lang='lat' dir='ltr'>deside·</span> <span class='ocrx_word' id='word_1_258' title='bbox 2752 4424 2758 4430; x_wconf 68' lang='grc'><strong><em>’</em></strong></span> 
     </span>
     <span class='ocr_line' id='line_1_30' title="bbox 358 4532 2664 4621; baseline -0.004 -18"><span class='ocrx_word' id='word_1_259' title='bbox 358 4548 499 4620; x_wconf 86' lang='lat' dir='ltr'>ret,</span> <span class='ocrx_word' id='word_1_260' title='bbox 565 4536 726 4600; x_wconf 91' lang='lat' dir='ltr'>satis</span> <span class='ocrx_word' id='word_1_261' title='bbox 770 4556 1074 4619; x_wconf 87' lang='lat' dir='ltr'>magnum</span> <span class='ocrx_word' id='word_1_262' title='bbox 1122 4533 1414 4621; x_wconf 88' lang='lat' dir='ltr'>proferre</span> <span class='ocrx_word' id='word_1_263' title='bbox 1473 4532 1763 4598; x_wconf 91' lang='lat' dir='ltr'>locorum</span> <span class='ocrx_word' id='word_1_264' title='bbox 1819 4555 2159 4611; x_wconf 81' lang='lat' dir='ltr'>numerum</span> <span class='ocrx_word' id='word_1_265' title='bbox 2216 4552 2321 4600; x_wconf 89' lang='lat' dir='ltr'>res</span> <span class='ocrx_word' id='word_1_266' title='bbox 2369 4532 2492 4595; x_wconf 90' lang='lat' dir='ltr'>erit</span> <span class='ocrx_word' id='word_1_267' title='bbox 2533 4553 2664 4596; x_wconf 92' lang='lat' dir='ltr'>non</span> 
     </span>
    </p>

    <p class='ocr_par' dir='ltr' id='par_1_6' title="bbox 2191 4648 2258 4696">
     <span class='ocr_line' id='line_1_31' title="bbox 2191 4648 2258 4696; baseline 0 -18"><span class='ocrx_word' id='word_1_268' title='bbox 2191 4648 2258 4696; x_wconf 60' lang='lat'>1·</span> 
     </span>
    </p>
   </div>
  </div>
 </body>
</html>
