3209 5184
1129 467 1679 519 PROLEGOMENA.
2462 453 2550 518 45

252 620 552 707 ignotum
595 620 839 702 fuisse,
888 641 1081 705 quam
1122 629 1524 685 vetustorum
1571 619 1868 685 codicum
1910 620 2312 708 corruptelae
2355 643 2547 707 quae-

253 723 436 805 dam,
500 744 671 809 quae
729 744 814 785 ex
859 720 1080 785 Gellio
1134 720 1329 785 facile
1389 723 1605 786 sanari
1662 732 1992 810 poterant,
2050 722 2256 787 veluti
2311 746 2375 790 v.
2421 724 2543 787 221

251 826 427 889 heres
468 827 674 908 fictus,
764 823 847 889 In
888 823 1359 888 recentioribus
1406 824 1666 888 demum
1712 824 2047 901 codicibus
2084 834 2148 889 et
2176 847 2405 889 versus
2436 824 2548 887 ille

254 925 644 989 emendatus
711 922 953 1009 legitur
1007 934 1072 989 et
1127 926 1490 989 certissima
1555 936 1931 1013 comparent
1985 925 2188 991 Gellii
2240 926 2544 1011 vestigia,

255 1050 359 1090 ex.
415 1050 519 1112 gr.
576 1028 650 1089 in
707 1026 931 1090 codice
977 1025 1057 1106 0,
1128 1036 1191 1090 et
1247 1029 1316 1091 in
1361 1027 1832 1114 Bambergensi
1886 1052 1997 1117 pg.
2043 1014 2123 1094 67
2171 1028 2548 1093 ‘Sententiae

257 1129 477 1193 Publii
532 1130 625 1192 ad
675 1148 1057 1192 communem
1122 1149 1307 1193 usum
1373 1133 1885 1197 accommodatae.
1973 1132 2363 1214 Beneficium
2416 1135 2547 1194 ete.'

255 1252 420 1315 quae
476 1228 686 1293 verba
742 1252 826 1292 ex
881 1230 1026 1315 ipso
1083 1228 1298 1294 Gellio
1353 1234 1560 1317 petita
1616 1241 1789 1296 sunt.
1878 1230 2068 1311 Quae
2124 1254 2270 1296 cum
2329 1233 2424 1295 ita
2478 1252 2548 1294 se

252 1332 563 1414 habeant,
612 1331 972 1394 sententias
1009 1329 1341 1396 Gellianas
1387 1343 1641 1397 tantum
1682 1356 1814 1400 non
1857 1356 2077 1399 omnes
2120 1342 2401 1397 aetatem
2443 1343 2545 1396 tu-

251 1432 414 1497 lisse
455 1433 750 1496 maxime
793 1442 892 1497 est
934 1433 1395 1519 verisimile’ss).

424 1534 660 1600 Altera
704 1537 999 1620 quaestio
1046 1536 1338 1600 exoritur
1380 1538 1572 1600 haec:
1630 1547 1892 1602 utrum
1937 1537 2379 1602 sententiis
2427 1536 2541 1599 in-

255 1657 437 1700 esse
505 1634 920 1719 credamus
985 1635 1329 1702 aliorum
1384 1630 1691 1725 quoque
1746 1649 2161 1727 poetarum
2219 1646 2545 1725 praeter

251 1736 707 1803 Publilium
752 1759 1035 1802 versus
1079 1738 1370 1803 necne‘?

426 1842 530 1904 Ac
574 1839 658 1903 de
702 1840 1011 1905 Terentio
1068 1839 1334 1925 quidem
1379 1851 1443 1906 et
1485 1842 1766 1907 Laberio
1821 1843 2111 1908 breviter
2155 1842 2404 1906 dictum
2449 1851 2548 1906 est

251 1965 369 2030 pg.
414 1942 495 2022 ·4,
563 1941 757 2005 Matii
816 1963 1047 2005 versus
1103 1943 1316 2007 inesse
1384 1944 1711 2009 immerito
1778 1947 2147 2031 suspicatur
2203 1942 2547 2025 BaehriuS‚

252 2044 413 2108 hist.
460 2043 589 2108 litt.
619 2044 808 2108 Rom.
855 2042 985 2108 vol.
1019 2043 1075 2107 Ι.
1123 2044 1224 2108 ed.
1255 2046 1317 2108 4.
1363 2068 1473 2131 pg.
1504 2047 1653 2111 330.
1744 2045 1877 2111 Sed
1922 2068 2073 2109 ecce
2118 2046 2546 2131 gravissimus

250 2144 450 2209 nobis
496 2154 723 2209 auctor
751 2144 1084 2209 inducitur
1111 2145 1190 2209 L.
1224 2146 1635 2232 Spengelius,
1681 2148 1750 2210 in
1782 2147 2052 2212 Caecilii
2084 2146 2282 2212 Statii
2310 2148 2545 2232 fragm.

251 2270 372 2335 pg.
418 2248 457 2310 7
513 2247 608 2310 ita
651 2246 1011 2329 disserens:
1072 2247 1186 2311 ‘In
1240 2249 1458 2312 latinis
1500 2248 1651 2332 Syri
1704 2251 2022 2315 sententiis
2068 2251 2319 2332 pariter
2362 2253 2547 2329 atque

250 2353 328 2414 in
361 2349 720 2413 Menandri
757 2350 1002 2430 yraecis
1033 2350 1233 2430 plura
1274 2352 1528 2414 vetustis
1570 2353 1818 2416 comicis
1860 2357 1919 2417 et
1960 2354 2220 2435 trayicis
2261 2356 2547 2432 eoecerpta

252 2453 474 2515 latent.
569 2450 745 2530 Quae
787 2453 899 2531 qai
938 2445 1121 2515 nobis
1159 2453 1446 2534 servavit,
1491 2454 1622 2517 nisi
1650 2474 1725 2517 ese
1751 2455 1908 2536 ipsis
1937 2458 2262 2517 auctorum
2287 2453 2542 2533 sabuli-5,

249 2575 284 2616 e
332 2553 523 2625 libris
557 2557 830 2616 veterum
870 2573 1042 2616 nunc
1083 2552 1432 2635 deperditis,
1479 2555 1694 2633 quales
1731 2553 1999 2619 Senecae
2039 2553 2232 2619 Gellii
2273 2555 2547 2618 aliorum

248 2659 438 2732 sunt,
497 2654 807 2734 descripta
849 2656 1198 2736 eonyessit'.
1285 2652 1368 2717 Id
1412 2652 1587 2718 haud
1633 2654 1840 2721 dubie.
1876 2656 2172 2742 scripsit,
2232 2677 2379 2718 cum
2420 2655 2546 2719 Bo-

134 2760 149 2767 '
249 2755 386 2820 thii
441 2753 574 2817 fide
629 2754 910 2819 confisus
955 2753 1227 2818 Publilii
1271 2776 1414 2819 esse
1458 2766 1771 2840 sumeret,
1828 2766 2142 2845 quotquot
2186 2756 2296 2820 ifle
2340 2755 2549 2820 edidit

254 2857 653 2937 sententiae,
711 2856 886 2942 quod
931 2866 1149 2920 tamen
1190 2855 1431 2921 falsum
1474 2879 1618 2923 esse
1661 2859 1791 2922 iam
1835 2882 2031 2945 supra
2074 2858 2545 2923 demonstravi-

252 2981 427 3022 mus,
516 2956 701 3037 Quid
743 2957 979 3041 multa!
1026 2957 1215 3038 Quae
1259 2958 1647 3046 Spengelius
1678 2959 2005 3047 Sophocli,
2051 2959 2379 3047 Euripidi,
2412 2960 2544 3023 En-

249 3062 371 3125 nio
385 3109 405 3141 ,
450 3059 768 3142 Varroni,
816 3059 1118 3125 Ciceroni
1162 3060 1488 3146 vindicat,
1537 3084 1623 3125 ex
1664 3063 1747 3126 iis
1792 3064 1955 3150 ipsis
1999 3062 2373 3126 auctoribus
2416 3084 2546 3124 non

250 3162 549 3227 indicato
591 3161 775 3225 fonte
818 3161 1094 3226 Bothius
1151 3163 1398 3249 primus
1441 3162 1834 3228 Publilianis
1878 3165 2217 3229 sententiis
2260 3165 2544 3227 inserue-

251 3273 383 3346 rat,
432 3285 579 3327 cum
620 3264 695 3326 in
738 3262 1075 3328 codicibus
1104 3266 1344 3329 nostris
1375 3286 1496 3328 nec
1526 3265 1679 3330 vola
1706 3287 1829 3329 nec
1858 3266 2214 3351 vestigium
2242 3267 2545 3353 supersit.
2613 3349 2627 3359 ⁸

544 3437 669 3445 -—.-.

398 3520 463 3584 ³¹³)
498 3522 677 3571 Aliter
713 3522 1067 3572 statuendum
1106 3529 1192 3572 est
1227 3523 1294 3574 de
1329 3488 1522 3589 paucis
1559 3524 1888 3588 quibusdam
1926 3525 2238 3584 sententiis,
2278 3539 2416 3587 quas
2451 3522 2544 3572 Se-

253 3622 400 3658 neca
426 3606 796 3672 philosophus
832 3623 942 3657 non
978 3607 1167 3657 addito
1204 3611 1449 3659 auctoris
1473 3610 1694 3659 nomine
1722 3609 1926 3671 attulit,
1961 3608 2135 3659 veluti
2162 3608 2323 3673 epist.
2349 3609 2434 3671 94,
2458 3610 2540 3656 43.

259 3695 379 3756 108,
422 3695 500 3742 11.
571 3693 711 3742 Nam
749 3690 870 3742 fieri
906 3697 1106 3758 potest,
1142 3697 1205 3742 ut
1239 3708 1432 3744 versus

600 3808 828 3861 Avarus
861 3809 1084 3861 animus
1117 3808 1273 3861 nullo
1296 3809 1544 3863 satiatur
1577 3809 1747 3862 luero.

608 3892 773 3962 Quod
803 3893 923 3946 vult
955 3893 1141 3960 habet,
1177 3894 1278 3961 qui
1308 3894 1445 3948 velle
1480 3894 1628 3961 quod
1661 3894 1802 3946 satis
1836 3897 1911 3946 est
1936 3898 2133 3961 potest.

256 4015 538 4091 omiserit,
575 4016 670 4079 qui
706 4016 1106 4064 sententiarum
1145 4032 1342 4080 corpus
1378 4015 1559 4067 Gellio
1596 4016 1876 4081 cognitum
1913 4018 2241 4080 composuit,
2280 4030 2402 4063 cum
2438 4014 2549 4063 sint

254 4098 510 4152 Publilii.
583 4100 699 4149 Iam
735 4114 864 4150 vero
901 4116 1043 4165 quae
1079 4099 1284 4166 legitur
1318 4101 1599 4151 sententia
1636 4116 1724 4166 ap.
1762 4099 1993 4161 Quintil.
2030 4101 2086 4162 8,
2123 4102 2181 4159 5,
2217 4102 2276 4161 5,
2322 4115 2389 4148 eo
2426 4099 2545 4161 ipso

255 4186 398 4245 loce,
439 4201 548 4249 quo
573 4184 798 4234 dicendi
832 4183 927 4234 ille
943 4186 1221 4249 'magister
1242 4201 1372 4236 usus
1398 4190 1483 4236 est
1506 4184 1759 4251 exemplo
1782 4184 2100 4235 Publiliano
2127 4182 2222 4246 (cf.
2249 4183 2319 4232 ad
2344 4198 2396 4235 v.
2421 4182 2546 4242 628)

603 4299 761 4356 Mors
794 4302 995 4354 misera
1028 4316 1143 4354 non
1178 4306 1280 4368 est,
1315 4302 1507 4355 aditus
1540 4301 1620 4354 ad
1652 4306 1874 4355 mortem
1908 4304 1987 4352 est
2018 4298 2204 4373 miser..

255 4398 515 4475 senarius
551 4424 766 4488 quidem
805 4428 905 4482 est,
943 4424 1081 4487 quod
1120 4424 1266 4489 fugit
1296 4423 1663 4487 Bonnellium,
1698 4422 1798 4473 sed
1834 4437 1961 4470 num
1987 4417 2216 4469 Publilii
2249 4417 2412 4468 valde
2450 4419 2554 4481 dag

256 4512 399 4560 bito.
476 4509 566 4559 Cf.
604 4524 770 4574 supra
804 4523 895 4574 pg.
939 4512 1017 4558 13.
