3209 5184
637 465 718 531 74
1269 482 1579 529 PUBLILII
1627 482 1785 531 SYRI
1831 481 2287 531 SENTENTIAE.
2411 501 2430 518 =

805 637 1135 701 Damnare
1181 645 1278 699 est
1322 635 1691 721 obiurgare,
1741 657 1886 699 cum
1931 633 2180 700 auxilio
2226 643 2325 700 est
2368 656 2552 722 opus.

640 745 757 802 125
803 738 939 802 Diu
983 738 1433 820 adparandum
1480 746 1579 801 est
1624 735 1887 817 bellum,
1933 745 2008 799 ut
2052 736 2278 801 vincas
2326 735 2623 800 celerius.

802 839 1069 904 Dixeris
1101 836 1446 903 maledicta
1475 848 1728 922 cuncta,
1755 860 1901 902 cum
1933 841 2263 923 ingratum
2292 838 2621 903 hominem
2651 838 2928 903 dixeris.

803 941 908 1005 De
951 940 1217 1004 inimico
1262 960 1345 1003 ne
1389 938 1677 1026 loquaris
1723 938 1913 1022 male,
1961 938 2077 1004 sed
2122 941 2390 1025 cogites.

802 1039 1192 1105 Deliberare
1235 1039 1426 1106 utilia
1468 1063 1651 1106 mora
1693 1043 2022 1107 tutissima
2068 1052 2187 1106 est.

802 1142 1007 1208 Dolor
1050 1142 1391 1222 decrescit,
1437 1142 1552 1207 ubi
1597 1166 1724 1230 quo
1771 1153 2019 1209 crescat
2061 1158 2194 1208 non·
2238 1140 2458 1208 habet.

637 1253 760 1310 130
801 1244 1114 1310 Didicere
1157 1243 1314 1308 flere
1358 1244 1640 1308 feminae
1683 1246 1753 1308 in
1797 1243 2230 1309 mendacium.

803 1346 1157 1411 Discordia
1197 1345 1272 1410 fit
1319 1347 1529 1410 carior
1573 1346 1940 1411 concordia.

805 1446 1321 1512 Deliberandum
1368 1458 1467 1512 est
1511 1468 1726 1534 saepe,
1774 1447 2191 1512 statuendum
2237 1456 2336 1511 est
2379 1447 2599 1512 semel.

806 1547 1162 1613 Difficilem
1205 1547 1447 1613 habere
1491 1557 1749 1636 oportet
1792 1570 2014 1613 aurem
2054 1548 2140 1612 ad
2186 1550 2479 1613 crimina.

800 1650 979 1715 Dum
1023 1660 1121 1715 est
1164 1651 1303 1714 vita
1343 1659 1552 1735 grata,
1599 1651 1828 1715 mortis
1872 1651 2168 1715 condicio
2212 1652 2459 1738 optima
2506 1661 2622 1715 est.

638 1757 757 1816 135
802 1751 1133 1815 Damnum
1175 1750 1641 1839 appellandum
1685 1761 1786 1816 est
1827 1773 1978 1816 cum
2021 1750 2193 1816 mala
2235 1751 2410 1816 fama
2454 1750 2725 1816 lucrum.

682 1866 687 1871 ’
800 1853 1009 1917 Ducis
1050 1854 1121 1916 in
1164 1852 1436 1917 consilio
1481 1853 1696 1940 posita
1739 1861 1838 1917 est
1881 1855 2094 1917 virtus
2138 1850 2442 1917 militum.

803 1952 964 2019 Dies
1010 1952 1184 2040 quod
1228 1952 1429 2018 donat
1470 1954 1741 2019 timeas:
1788 1956 1916 2019 cito
1963 1964 2223 2042 raptum
2266 1956 2470 2025 venit.

648 2095 1048 2102 *φὴ-.-

633 2196 900 2239 comcss
945 2199 994 2236 v.
1032 2181 1394 2239 123—138:
1443 2182 1667 2240 PRBF
1691 2178 1885 2257 (TEC)

629 2306 828 2373 quium
856 2302 1024 2357 illud.-
1069 2299 1209 2357 ‘Dies
1238 2299 1378 2356 diem
1410 2299 1593 2379 docet-⁹
1790 2299 1910 2355 124
1957 2301 2046 2374 Cf.
2081 2319 2128 2357 v.
2162 2300 2261 2358 86.
2296 2300 2418 2358 439
2590 2301 2817 2375 dampna
2848 2319 2924 2358 ne

635 2400 686 2439 o.
720 2384 778 2440 F
917 2392 1001 2440 est
1034 2385 1079 2441 0
1106 2387 1418 2441 Erasmus:
1464 2403 1570 2442 om.
1603 2386 1651 2439 L
1826 2383 1946 2442 125
1991 2384 2353 2459 adpareudum
2385 2385 2524 2443 Pho
2687 2392 2772 2441 est
2799 2385 2924 2443 hel·

633 2468 746 2524 lum
774 2468 962 2525 PRF:
1006 2467 1209 2525 bellum
1252 2477 1336 2525 εει
1382 2471 1537 2527 Vinc.
1581 2469 1655 2525 B.
1698 2486 1787 2542 sp.
1829 2472 1883 2526 d.
1927 2468 2000 2542 4,
2046 2470 2146 2541 77,
2187 2468 2390 2526 bellum
2435 2472 2520 2543 B,
2564 2469 2655 2526 diu
2698 2486 2924 2544 praepa·

633 2552 859 2609 randum
902 2561 986 2609 εει
1026 2553 1092 2609 de
1133 2553 1310 2626 hello,
1354 2561 1415 2609 ut
1458 2555 1607 2609 ocius
1651 2556 1825 2611 vincas
1867 2554 1994 2610 dum
2024 2553 2373 2629 congrederis
2403 2554 2667 2630 proelium
2702 2554 2755 2609 T

637 2636 755 2695 126
801 2633 1006 2693 cuncta'
1026 2639 1108 2693 B.-
1146 2657 1251 2695 om.
1287 2638 1507 2709 PaRF,
1538 2639 1628 2695 alii
1658 2656 1781 2695 cum
1811 2640 2083 2714 ingratum
2113 2639 2348 2695 hominis
2377 2639 2575 2695 dixeris
2607 2638 2694 2695 alii
2724 2648 2923 2697 cuncta

633 2722 718 2778 alii
750 2722 1022 2778 hominem
1051 2723 1138 2779 Pb
1266 2739 1388 2779 cum
1418 2724 1587 2798 gratis
1620 2723 1676 2778 B
1801 2724 2033 2780 hominis
2064 2724 2168 2781 PR
2337 2723 2455 2780 127
2503 2740 2570 2779 ne
2603 2725 2921 2797 Erasmus:

636 2822 748 2862 non
778 2806 929 2862 LEO
936 2831 956 2870 ,·
985 2806 1066 2879 cf.
1101 2807 1291 2876 Quint.
1327 2809 1384 2878 1,
1415 2808 1476 2880 5,
1508 2807 1591 2864 50
1787 2808 2027 2882 loquaris
2057 2809 2248 2864 BFE:
2291 2809 2533 2883 loqueris
2562 2808 2637 2880 R,
2666 2808 2922 2882 loquax-es

630 2891 702 2959 P,
735 2890 934 2947 dixeris
965 2892 1009 2948 0
1016 2916 1037 2954 ,·
1079 2892 1146 2948 de
1176 2894 1210 2949 i.
1241 2894 1459 2966 penitus
1483 2892 1661 2967 (peius
1675 2891 1720 2964 ?)
1751 2908 1820 2948 ne
1855 2893 2095 2967 loquaris
2128 2893 2195 2963 Τ,
2226 2893 2294 2949 de
2324 2896 2359 2951 i.
2391 2910 2462 2950 ne
2490 2893 2689 2949 dixeris
2719 2892 2920 2949 malum

647 2977 802 3033 Vinc.
837 2975 909 3036 B.
950 2993 1037 3048 sp.
1082 2977 1137 3033 d.
1170 2976 1208 3032 4
1278 2977 1429 3047 169,
1461 2980 1683 3034 omissis
1725 2980 1967 3050 reliquis
2135 2972 2261 3054 sed]
2294 2980 2340 3034 si
2370 2979 2427 3034 F
2594 2976 2713 3035 128
2761 2986 2800 3033 ι.
2833 2987 2921 3035 εει

630 3061 875 3118 Gruter.-
919 3069 1004 3118 εει
1046 3069 1086 3117 ι.
1131 3062 1227 3118 130
1426 3061 1544 3119 129
1591 3061 1870 3118 decrescet
1900 3063 1954 3119 R
2154 3079 2263 3136 quo
2295 3063 2398 3120 FC
2439 3064 2593 3120 Vino.
2629 3064 2700 3117 B.
2738 3078 2826 3135 sp.
2860 3066 2917 3120 d.

632 3145 694 3215 4,
731 3145 879 3201 112:
925 3145 1072 3220 quod
1100 3147 1266 3204 PRB
1439 3146 1562 3205 130
1604 3145 1840 3202 didicere
1869 3148 2175 3205 Pithoeus,-
2204 3146 2451 3204 dedicere
2480 3146 2607 3219 PR,
2639 3146 2920 3204 dediscere

632 3230 741 3285 BF
894 3229 1008 3287 iere
1039 3229 1114 3301 B,
1144 3230 1329 3288 flerem
1359 3231 1447 3288 Pa
1638 3230 1865 3287 feminae
1897 3233 1953 3287 B
1982 3232 2162 3288 Ber-n.
2200 3231 2399 3288 semina
2428 3231 2618 3301 PRF,
2663 3230 2919 3288 seminam

634 3315 917 3371 Erasmus
1083 3316 1138 3370 in
1168 3316 1473 3373 Pithoeus.-
1517 3325 1600 3371 εει
1631 3317 1678 3370 L
1853 3316 1971 3374 131
2021 3318 2190 3374 Caec.
2225 3316 2397 3374 Bato.
2429 3317 2663 3373 Monac.
2696 3314 2800 3388 48,
2835 3317 2914 3372 11

630 3418 727 3474 pq.
754 3397 835 3457 34
867 3398 943 3454 ‘d.
964 3399 1236 3457 interdum
1259 3397 1323 3455 fit-
1344 3417 1392 3458 c.
1416 3401 1490 3455 c.’
1549 3399 1637 3473 Cf.
1669 3419 1720 3459 v.
1747 3400 1890 3472 164,
1921 3403 2073 3458 unde
2099 3405 2278 3474 liquet
2309 3400 2573 3457 discordia
2598 3416 2724 3458 esse
2754 3401 2918 3458 abta-

629 3489 801 3543 tivum
831 3488 1212 3555 instrumenti,
1244 3503 1359 3542 non
1391 3488 1845 3557 comparationis
1966 3485 2085 3543 132
2130 3481 2166 3519 *
2200 3485 2290 3558 Cf.
2317 3504 2415 3559 pq.
2450 3485 2549 3543 50.
2613 3483 2920 3541 Deliberan-

625 3569 753 3626 dum
783 3577 868 3626 est
897 3586 1056 3643 saepe
1085 3569 1340 3645 quicquid
1372 3569 1718 3626 statuendum
1750 3577 1835 3625 εει
1862 3570 2031 3626 semel
2054 3570 2127 3637 F,
2159 3573 2351 3627 eodem
2383 3572 2545 3627 modo
2577 3572 2681 3626 sed
2708 3572 2917 3626 omisso

625 3670 786 3729 saepe
814 3654 1000 3724 PRB,
1031 3659 1144 3711 nisi
1169 3657 1324 3728 quod
1351 3656 1403 3710 P
1427 3653 1852 3724 diliberaudum,
1884 3654 1990 3710 del.
2024 3662 2108 3710 εει
2138 3655 2233 3711 diu
2264 3653 2521 3730 quicquid
2553 3663 2621 3710 st.
2654 3661 2737 3710 est
2767 3671 2812 3709 ε.
2852 3652 2916 3728 0,

628 3738 720 3795 diu
758 3737 1207 3794 considerandum
1248 3748 1330 3795 εει
1364 3738 1623 3814 quicquid
1653 3747 1723 3795 st.
1756 3747 1841 3795 εει
1888 3740 2046 3795 Vinc.
2081 3740 2229 3796 Bett.
2261 3755 2349 3812 sp.
2381 3742 2436 3796 d.
2468 3738 2528 3810 4,
2562 3737 2664 3809 26,
2696 3737 2801 3794 del.
2832 3746 2920 3794 εει

628 3822 722 3878 diu
773 3820 921 3896 quod
963 3829 1033 3879 st.
1064 3831 1149 3879 εει
1177 3841 1224 3879 s.
1258 3828 1411 3880 mata
1443 3840 1697 3880 caesura
1727 3825 1911 3898 Inyol.
1952 3825 2339 3894 Ribbeck-im,
2392 3822 2483 3879 diu
2536 3823 2591 3879 d.
2632 3832 2702 3879 ει.
2744 3829 2828 3878 εει
2870 3841 2916 3878 ε.

628 3906 832 3964 Bothe.
921 3905 1133 3964 Similis
1173 3915 1259 3964 est
1299 3911 1583 3964 sententia
1615 3911 1777 3980 apud
1804 3908 1974 3965 Caec.
2007 3909 2178 3965 Bau».
2214 3908 2370 3965 Mon.
2404 3909 2462 3979 1,
2495 3908 2532 3965 5
2564 3907 2685 3981 (pq.
2723 3907 2822 3976 18,
2854 3909 2917 3978 8)

628 3990 743 4048 ‘diu
785 3989 1112 4063 deliberato,
1153 3993 1263 4049 cito
1304 3991 1489 4049 facito'
1529 4000 1585 4049 et
1643 3995 1812 4049 Watt.
1860 3994 2028 4050 Burt.
2069 4009 2120 4049 ε.
2163 4012 2214 4050 v.
2262 3993 2430 4050 Scor.
2613 3991 2737 4048 133
2786 3991 2916 4055 EG,-

626 4073 939 4133 dissimilem
979 4091 1031 4132 o.
1066 4077 1118 4132 h.
1168 4077 1323 4133 Vino.
1362 4077 1501 4133 Bell.
1547 4092 1635 4148 sp.
1677 4079 1731 4132 d.
1763 4077 1835 4145 4,
1871 4077 1988 4133 115
2204 4094 2295 4151 op.
2328 4093 2443 4132 aur.
2475 4076 2595 4132 hab.
2632 4077 2919 4133 Erasmus

780 4159 899 4218 134
946 4169 1029 4216 εει
1062 4179 1108 4217 v.
1136 4178 1221 4235 gr.
1249 4161 1303 4216 P
1323 4158 1514 4236 (gratia
1537 4160 1646 4231 Pb)
1668 4162 1840 4218 RBF
1841 4164 1887 4218 0
1897 4188 1912 4217 .·
1944 4181 1991 4215 v.
2016 4172 2098 4219 εει
2123 4180 2207 4236 gr.
2235 4163 2291 4217 B
2318 4180 2501 4236 mar-9.
2527 4177 2622 4232 pr.
2644 4180 2716 4217 m.
2757 4159 2917 4217 Vino.

630 4246 778 4303 Bett.
810 4263 897 4319 sp.
942 4248 996 4302 d.
1030 4246 1103 4317 5,
1138 4247 1278 4303 117.
1326 4263 1413 4319 sp.
1459 4251 1579 4301 nat.
1612 4245 1686 4302 31
1709 4289 1728 4315 ‚
1765 4247 1918 4311 107,
1976 4265 2023 4303 v.
2072 4265 2158 4321 gr.
2204 4255 2287 4303 εει
2322 4249 2487 4320 vulyo
2716 4245 2921 4318 optima

624 4339 709 4386 εει
740 4332 1051 4388 Erasmus.-
1094 4338 1180 4387 εει
1221 4338 1335 4405 opt.
1372 4330 1579 4387 PBFC
1620 4329 1774 4385 Ve‘nc.
1818 4339 1902 4386 εει
1944 4348 2082 4404 οριιε
2115 4331 2168 4386 R
2344 4331 2462 4387 135
2506 4338 2592 4386 εει
2641 4328 2920 4403 appellan-

624 4414 751 4469 dum
808 4415 967 4471 Vino.
1012 4416 1160 4472 Bett.
1201 4431 1290 4486 sp.
1333 4418 1387 4471 d.
1432 4414 1501 4484 5,
1540 4415 1642 4477 67,
1686 4424 1770 4471 εει
1812 4434 1916 4471 om.
1956 4417 2009 4472 R
2215 4415 2333 4473 136
2377 4415 2527 4471 ducis
2569 4415 2695 4470 FC.-
2742 4413 2919 4469 dulcis

628 4498 850 4556 PRBE
1020 4501 1134 4558 137
1186 4499 1274 4573 Cf.
1310 4520 1357 4557 v.
1391 4500 1514 4557 512
1687 4500 1835 4556 dives
1878 4516 2070 4557 omnes
2113 4501 2376 4557 Palatini
2415 4507 2468 4555 et
2511 4500 2919 4555 Britannicum
