3209 5184
1138 452 1690 506 rnonneomnm.
2482 437 2560 506 31

278 610 608 696 congestis
693 629 933 675 vanam
1015 607 1355 695 gloriolam
1438 619 1731 696 captaret
1816 631 2127 696 suamque
2211 608 2567 674 editionem

277 714 565 776 omnium
582 761 601 794 ,
662 733 830 798 quae
884 711 1198 777 hactenus
1253 711 1466 775 lucem
1521 711 1878 795 vidissent,
1935 710 2379 799 plenissimam
2424 730 2566 775 esse

275 813 706 900 praedicaret.
795 812 987 877 Hanc
1028 821 1278 877 tantam
1306 812 1536 877 iudicii
1565 815 2062 900 perversitatem
2092 811 2348 878 duobus
2378 813 2564 875 annis

275 926 423 1002 post
474 917 718 979 iterum
774 905 1067 1001 prodidit
1079 963 1098 997 ,
1156 936 1305 978 cum
1360 916 1715 979 sententias
1759 914 2115 980 Bothianas
2172 912 2320 1001 plus
2372 935 2565 999 quam

275 1026 635 1097 trecentas,
699 1037 858 1102 quas
916 1016 1058 1102 ipse
1101 1036 1189 1080 ex
1230 1016 1496 1080 incertis
1557 1016 1850 1082 fontibus
1893 1016 2158 1080 haustas
2206 1035 2348 1079 esse
2392 1025 2566 1079 recte

276 1117 717 1199 intellexerat,
765 1116 1198 1203 supplementi
1242 1115 1383 1180 loco
1427 1117 1664 1182 iterum
1710 1116 1996 1182 edendas
2041 1117 2315 1181 curavit.
2384 1114 2563 1196 Quo-

277 1220 493 1282 minus
553 1228 773 1283 tamen
827 1218 1179 1283 editionem
1233 1217 1445 1282 bonae
1500 1220 1709 1304 frugis
1757 1227 2093 1307 expertem
2137 1239 2279 1283 esse
2325 1216 2562 1299 dicam,

276 1319 629 1406 prohibent
684 1341 831 1383 cum
884 1318 1044 1403 alia,
1100 1328 1240 1383 tum
1295 1319 1750 1385 adnotationes
1815 1320 2133 1406 quaedam
2178 1319 2243 1384 J.
2290 1318 2565 1405 Caspari

277 1420 511 1485 Orellii
556 1422 691 1487 suis
736 1420 895 1485 locis
942 1423 1244 1486 insertae.

446 1523 668 1587 Frid.
702 1521 940 1589 Henr.
971 1521 1346 1606 Bothius,
1379 1533 1717 1610 poetarum
1746 1524 2188 1588 scaenicorum
2216 1521 2563 1588 latinorum

277 1624 489 1689 editor
536 1621 900 1707 (Halberst.
937 1623 1121 1706 1824,
1150 1623 1349 1711 Lips.
1388 1625 1601 1709 1834),
1647 1635 1865 1688 utrum
1908 1623 2055 1711 plus
2097 1624 2253 1689 boni
2284 1644 2370 1686 an
2409 1621 2562 1685 mali

280 1724 576 1789 attulerit
606 1723 915 1808 Publilio,
958 1747 1088 1789 non
1132 1723 1328 1789 facile
1372 1735 1472 1790 est
1514 1725 1597 1789 ad
1646 1726 2158 1791 diiudicandum.
2219 1725 2389 1789 Nam
2417 1733 2567 1812 post

274 1825 647 1891 Bentleium
701 1848 892 1890 nemo
935 1825 1294 1891 Publilium
1349 1826 1590 1912 edidit,
1649 1829 1763 1914 qui
1817 1829 1910 1892 ita
1962 1826 2233 1893 haberet
2276 1827 2561 1891 senario-

273 1951 420 1991 rum
461 1927 644 2012 leges
687 1936 1097 2014 perspectae,
1152 1948 1344 1992 nemo
1388 1929 1503 2015 qui
1545 1927 2044 2015 transponendis
2088 1927 2311 1992 verbis
2354 1938 2563 1992 metro

197 2026 215 2051 ⁸
273 2029 534 2094 felicius
577 2029 981 2102 mederetur;
1025 2048 1146 2092 nec
1188 2030 1405 2125 minus
1451 2052 1679 2094 verum
1709 2039 1809 2095 est
1846 2032 2171 2095 neminem
2201 2038 2384 2094 tanta
2412 2050 2560 2093 con-

273 2131 564 2195 iectandi
608 2129 874 2195 licentia
913 2139 1281 2216 grassatum
1327 2153 1467 2195 esse
1485 2179 1504 2214 ,
1549 2133 1875 2196 neminem
1919 2141 2052 2196 tam
2096 2141 2320 2218 aperte
2363 2132 2560 2195 inter-

273 2231 541 2318 polandi
589 2232 691 2296 ius
737 2231 866 2296 sibi
908 2253 1271 2316 arrogasse.
1361 2234 1522 2297 Cum
1567 2241 1788 2296 autem
1832 2254 2138 2297 versuum
2173 2233 2558 2320 spuriorum,

275 2335 332 2398 si
377 2355 538 2420 quos
585 2333 867 2398 editores
896 2341 1048 2397 ante
1079 2354 1225 2398 eum
1255 2332 1425 2398 male
1453 2344 1853 2420 receperant,
1898 2334 2159 2399 iteratio
2192 2355 2268 2399 eo
2299 2334 2561 2398 nomine

277 2436 577 2499 excusari
622 2443 865 2521 posset,
912 2434 1085 2521 quod
1130 2455 1215 2498 ex
1255 2434 1592 2500 codicibus
1624 2435 2031 2522 interpolatis
2061 2435 2327 2500 deducti
2356 2444 2560 2517 erant,

274 2536 551 2601 Bothius
597 2535 790 2600 titulo
833 2557 873 2599 a
918 2534 1203 2601 Grutero
1245 2538 1580 2625 proposito
1628 2538 1730 2601 ‘L.
1760 2539 2019 2602 Annaei
2064 2537 2347 2624 Senecae
2390 2546 2455 2601 et
2483 2536 2558 2599 P.

276 2638 429 2726 Syri
470 2638 691 2720 mimi,
746 2636 970 2701 forsan
1025 2638 1222 2701 etiam
1276 2636 1551 2702 aliorum
1607 2640 1973 2725 singulares
2019 2638 2403 2704 sententiae'
2446 2637 2558 2701 ab-

273 2762 428 2803 usus
475 2761 552 2803 eo
598 2739 914 2825 processit
955 2736 1290 2820 audaciae,
1335 2749 1408 2804 ut
1452 2761 1536 2804 ex
1578 2741 2201 2828 paroemiographis,
2248 2762 2333 2804 ex
2362 2739 2557 2804 Eras—

274 2842 362 2904 mi
391 2841 698 2925 Adagiis,
743 2840 900 2904 item
945 2860 1028 2902 ex
1073 2839 1117 2904 J
1120 2839 1400 2905 oachimi
1431 2841 1794 2908 Camerarii
1839 2853 1904 2908 et
1943 2843 2098 2908 Jani
2127 2842 2371 2928 Anysii
2414 2862 2559 2904 sen-

276 2944 496 3007 tentiis
571 2940 929 3029 permultas
1001 2942 1427 3027 immisceret,
1504 2964 1670 3030 quae
1742 2943 2026 3009 Publilio
2097 2942 2560 3029 veteribusque

274 3054 538 3132 propter
595 3042 984 3128 elegantiam
1039 3045 1506 3109 sententiarum
1562 3045 1932 3132 probosque
1987 3046 2385 3111 senariorum
2440 3065 2557 3107 nu·

274 3167 481 3210 meros
539 3168 672 3210 non
725 3138 1057 3230 indignae'
1083 3143 1498 3230 viderentur,
1560 3147 1760 3233 idque
1804 3169 1949 3211 cum
1994 3145 2124 3212 sibi
2165 3145 2557 3230 indulgeret,
2583 3207 2602 3220 ‚

277 3246 642 3332 legentibus
685 3268 770 3310 ne
811 3255 1062 3311 tantum
1111 3246 1374 3332 quidem
1418 3247 1685 3331 tribuit,
1741 3257 1816 3312 ut
1857 3250 2033 3314 unde
2076 3270 2281 3314 novos
2326 3254 2556 3312 vers'us

276 3350 658 3436 sumpsisset
721 3348 968 3435 ubique
1032 3350 1413 3415 nominatim
1479 3349 1748 3414 diceret.
1837 3351 1963 3415 Cui
2027 3350 2310 3416 lubidini
2367 3349 2557 3437 plane

276 3450 668 3515 contrarium
712 3459 834 3533 est,
881 3450 1057 3535 quod
1102 3450 1275 3515 idem
1320 3450 1676 3537 permultos
1722 3473 1950 3515 versus
1987 3453 2057 3516 in
2085 3453 2349 3538 optimis
2380 3450 2555 3517 codi-

275 3552 455 3617 cibus
512 3553 689 3616 inter
730 3550 1135 3617 Publilianos
1190 3552 1468 3617 traditos
1523 3551 1785 3617 stellula
1836 3551 2063 3616 addita
2116 3554 2187 3616 in
2242 3554 2553 3639 suspicio-

274 3676 417 3717 nem
473 3675 711 3718 vocare
766 3651 944 3717 haud
999 3652 1350 3733 dubitavit.
1439 3654 1625 3718 Haec
1669 3655 1885 3719 omnia
1926 3653 2081 3721 licet
2124 3675 2239 3718 suo
2282 3654 2556 3719 arbitrio

277 3757 516 3840 egisset
558 3793 636 3801 —
685 3756 976 3819 codicem
1024 3755 1197 3818 enim
1241 3755 1498 3821 viderat
1541 3754 1792 3819 nullum
1821 3794 1905 3804 —-
1947 3756 2042 3819 ita
2083 3764 2300 3820 tamen
2344 3754 2553 3842 philo-

276 3856 436 3941 logis
481 3878 667 3921 suam
713 3878 934 3921 curam
977 3855 1303 3944 probavit,
1347 3865 1421 3922 ut
1467 3858 1606 3921 eius
1653 3857 1855 3922 editio
1901 3879 2017 3945 per
2058 3854 2307 3943 aliquot
2350 3856 2554 3924 lustra

272 3979 383 4042 pro
425 3959 675 4046 optima
716 3958 1087 4024 haberetur.
1493 4026 1507 4033 ‚

434 4059 661 4124 Bothii
690 4061 994 4146 vestigiis
1027 4061 1362 4147 ingressus
1395 4069 1495 4125 est
1539 4059 1875 4125 Carolus
1920 4059 2233 4145 Zellius
2279 4061 2551 4144 (Aucto-

273 4181 407 4224 rum
452 4161 876 4227 classicorum
920 4162 1268 4227 latinorum
1313 4162 1445 4228 vol.
1493 4161 1583 4226 X.
1631 4163 1877 4247 stuttg.
1928 4162 2118 4248 1829)
2134 4211 2153 4244 ,
2217 4163 2287 4225 in
2330 4161 2552 4225 multis

273 4262 536 4345 invituS,
585 4264 642 4327 si
675 4263 939 4349 quidem
969 4266 1326 4329 sententias
1356 4286 1397 4327 a
1427 4264 1666 4330 Bothio
1691 4264 1972 4345 additas,
2020 4284 2179 4348 quas
2209 4284 2249 4325 a
2277 4261 2549 4325 Publilii

275 4364 555 4428 editione
617 4363 863 4429 alienas
931 4387 1073 4430 esse
1136 4375 1562 4453 perspexerat
1630 4365 1903 4452 (passim
1959 4366 2131 4428 enirn
2185 4361 2550 4444 adnotavit,

274 4465 438 4529 unde
482 4465 754 4529 haustae
799 4468 1069 4552 essent),
1115 4467 1281 4532 hanc
1324 4466 1409 4531 ob
1454 4489 1718 4531 causam
1761 4466 2042 4551 recepit,
2089 4485 2170 4528 ne
2214 4485 2369 4529 suae
2414 4464 2548 4528 edi-
