3209 5184
1218 438 1313 486 nn
1359 437 1687 487 uomens.
2477 425 2599 490 139

350 599 451 658 32.
497 593 646 657 Non
690 591 879 656 vives
923 589 1115 656 aliter
1158 590 1226 656 in
1270 590 1434 676 foro,
1480 589 1672 655 aliter
1716 592 1784 656 in
1830 590 2200 657 solitudine.

345 701 443 760 33.
490 692 670 758 Nihil
725 702 904 780 petes
963 690 1137 779 quod
1192 701 1546 779 negaturus
1606 691 1824 778 suisti3
1880 693 2048 759 nihil
2105 693 2377 780 negabis
2424 695 2596 782 quod

494 797 819 884 petiturus
864 793 1072 859 fuisti.

342 904 446 963 34.
492 897 729 961 Pacem
775 918 921 961 cum
963 894 1336 961 hominibus
1381 894 1679 979 habebis,
1733 895 1977 961 bellum
2021 919 2169 963 cum
2217 898 2421 964 vitiis.

340 1006 442 1064 35.
490 997 637 1063 Hoc
681 997 879 1063 habet
924 998 1132 1064 omnis
1175 996 1505 1072 adfectus,
1562 1005 1636 1063 ut
1682 999 1749 1063 in
1795 997 1970 1085 quod
2016 999 2158 1086 ipse
2202 1000 2479 1085 insanit,
2526 1001 2592 1065 in

496 1101 669 1165 idem
715 1101 911 1166 etiam
954 1109 1204 1165 ceteros
1249 1109 1437 1188 putet
1482 1099 1721 1164 furere.

341 1211 444 1270 36.
489 1203 854 1269 Maximum
909 1202 979 1266 in
1035 1224 1109 1266 eo
1166 1203 1401 1267 vitium
1459 1210 1587 1287 est,
1658 1202 1771 1289 qui
1827 1223 1955 1268 non
1985 1201 2392 1268 'melioribus
2451 1202 2595 1269 vult

491 1302 770 1394 plaeere,
825 1303 941 1369 sed
991 1303 1313 1393 pluribus.

338 1415 440 1474 37.
490 1407 561 1474 Si
606 1406 707 1470 vis
754 1405 1055 1471 omnibus
1101 1427 1245 1472 esse
1287 1415 1501 1490 notus,
1547 1405 1730 1493 prius
1778 1405 1965 1471 effice
2009 1414 2083 1471 ut
2114 1406 2441 1473 neminem
2470 1430 2585 1475 no-

497 1529 691 1573 vens.

340 1621 440 1678 38.
488 1610 742 1675 Bonum
787 1618 886 1675 est
928 1631 1060 1674 non
1104 1608 1379 1692 laudari,
1427 1608 1544 1676 sed
1589 1631 1734 1675 esse
1779 1608 2195 1677 laudabilem.

336 1720 437 1779 39.
484 1710 818 1778 Morieris:
865 1709 1137 1777 stultum
1184 1720 1285 1777 est
1329 1712 1580 1796 timere,
1628 1712 1801 1799 quod
1845 1713 2055 1777 vitare
2097 1734 2231 1777 non
2276 1714 2511 1800 possis.

337 1822 440 1882 40.
487 1812 661 1880 Male
705 1812 788 1879 de
829 1821 898 1879 te
941 1812 1292 1900 opinantur
1335 1812 1654 1898 homines,
1703 1813 1819 1880 sed
1865 1811 2039 1878 mali.
2122 1812 2320 1880 Malis
2365 1812 2594 1902 displi-

483 1936 630 1980 cere
673 1923 774 1980 est
819 1912 1094 1979 laudari.

332 2023 433 2081 41.
478 2015 652 2082 Male
682 2016 765 2081 de
796 2025 861 2082 te
890 2014 1242 2104 loquuntur
1270 2015 1598 2083 homines.
1643 2017 1812 2084 bene
1842 2017 2015 2083 enim
2047 2017 2226 2105 loqui
2253 2016 2585 2083 nesciunt

482 2118 760 2184 Faciunt
804 2140 932 2184 non
978 2118 1153 2206 quod
1196 2139 1447 2185 mereor
1490 2140 1631 2206 ego,
1680 2119 1795 2185 sed
1841 2119 2014 2207 quod
2060 2118 2269 2185 solent
2313 2119 2459 2206 ipsi.

333 2225 434 2284 42.
434 2193 797 2287 Homines
844 2218 927 2284 de
969 2229 1036 2285 te
1077 2220 1247 2285 male
1273 2221 1656 2309 loquuntur.
1704 2223 1761 2287 si
1791 2222 2047 2304 merito,
2094 2220 2269 2308 quod
2307 2221 2576 2308 loquun-

486 2331 592 2388 tur
645 2344 772 2389 non
825 2321 1169 2389 molestum
1225 2333 1356 2409 est,
1414 2323 1530 2388 sed
1576 2323 1753 2412 quod
1805 2346 1936 2389 non
1981 2323 2421 2407 mentiuntur3
2484 2324 2587 2388 sin

486 2424 829 2507 immerito,
875 2423 1249 2490 innocentia
1293 2446 1438 2490 mea
1478 2447 1654 2492 nunc
1696 2427 1978 2492 maxime
2007 2424 2285 2512 gaudeo.
2360 2424 2582 2514 Appa-

485 2534 587 2591 ret
631 2526 806 2592 enim
848 2524 994 2594 illos
1039 2527 1407 2594 obiecturos
1452 2549 1631 2614 vera,
1678 2529 1735 2595 si
1781 2536 2067 2618 possent.

465 2823 545 2880 32
594 2824 648 2881 in
680 2822 994 2898 solitudine,
1027 2824 1184 2882 aliter
1212 2825 1268 2882 in
1301 2823 1422 2882 foro
1456 2827 1623 2900 vulyo
1852 2825 1931 2883 33
1976 2819 2008 2854 '⁴'
2036 2833 2192 2899 petes
2223 2828 2443 2899 scripsi
2471 2827 2588 2882 col!

298 2908 378 2966 29
411 2907 730 2981 abstinebis,
767 2909 850 2968 30
879 2908 1207 2984 praestabis,
1242 2908 1320 2967 31
1352 2909 1651 2983 devitabis,
1683 2909 1762 2966 32
1797 2909 1964 2983 vives,
1996 2909 2077 2966 33
2111 2909 2358 2985 negabis,
2390 2907 2470 2966 34
2503 2909 2594 2966 ha·

296 2992 473 3050 bobis:
505 3002 660 3069 petas
693 2995 918 3051 codices
1056 2992 1135 3052 35
1185 2995 1399 3052 Concil.
1439 2994 1658 3052 Turon.
1689 2995 1775 3052 11.
1808 3010 1938 3052 can.
1975 2993 2052 3051 14
2086 2991 2253 3051 ‘sieut
2287 2994 2359 3051 ait
2390 2993 2595 3051 Seneca

298 3078 589 3153 pessimum
633 3080 687 3135 in
736 3093 801 3134 eo
847 3079 1033 3135 vitium
1076 3094 1196 3136 esse
1241 3080 1334 3154 qui
1378 3081 1432 3136 in
1468 3077 1527 3136 'id
1562 3096 1670 3154 quo
1701 3081 1900 3136 insanit
1931 3089 2144 3136 ceteros
2179 3086 2335 3153 putat
2366 3078 2593 3135 surere’.

302 3161 466 3230 Quae
510 3165 797 3220 sententia
839 3180 966 3221 cum
1007 3179 1087 3222 ea:
1130 3163 1207 3236 §S
1241 3163 1341 3222 35.
1375 3163 1454 3221 36
1500 3166 1572 3222 sit
1618 3167 1908 3237 conflata,
1951 3167 2243 3239 colliyitur
2271 3180 2386 3221 non
2417 3165 2598 3221 solum

294 3265 450 3306 anno
463 3247 585 3306 567
610 3254 869 3305 nostrum
896 3249 1147 3305 libellum
1180 3248 1439 3306 Senecae
1470 3253 1695 3306 nomine
1727 3251 2017 3324 vulyatnm
2041 3249 2254 3322 fuisse,
2288 3249 2394 3306 sed
2421 3251 2592 3305 etiam

292 3333 732 3405 proverbiorum
764 3334 1020 3391 ordinem
1048 3336 1163 3390 inm
1198 3341 1312 3390 tum
1337 3332 1531 3428 fuisse
1562 3335 1802 3392 eundem
1973 3333 2052 3392 36
2101 3333 2191 3406 Cf.
2225 3333 2596 3391 Antisthenes

299 3435 393 3490 ap.
426 3418 591 3493 Dioq.
626 3418 822 3475 Laert.
855 3418 924 3490 6,
961 3418 1028 3491 1,
1061 3417 1098 3476 8
1143 3405 1291 3493 πρὸς
1334 3405 1442 3474 τὸν
1480 3408 1728 3474 εἰπόντα
1772 3414 2032 3475 *Πολλοί
2057 3429 2122 3474 σε
2153 3409 2487 3474 ἕπαινοῦσι’
2525 3411 2601 3472 Τί

301 3519 434 3577 γαρ,
467 3495 607 3575 ἔφη,
639 3490 825 3558 κακὸν
857 3498 1186 3576 πεποίηκας
1319 3502 1398 3560 37
1446 3503 1503 3560 8ἰ
1534 3503 1613 3560 vis
1648 3503 1729 3562 Gb
1761 3511 1824 3562 ut
1852 3505 1890 3576 3
1921 3501 2029 3560 24:
2061 3519 2193 3560 suus
2227 3503 2289 3575 S,
2320 3503 2399 3558 vis
2433 3504 2596 3577 vtdyo

468 3587 550 3646 38
597 3583 719 3663 sed]
754 3595 807 3644 et
839 3589 917 3645 nl.
1082 3587 1194 3646 39
1247 3587 1498 3645 Totidem
1529 3589 1719 3646 verbis
1749 3587 1883 3646 Sen.
1915 3589 1986 3644 de
2016 3589 2227 3644 remed.
2255 3586 2400 3660 fort.
2434 3585 2469 3642 2
2489 3630 2506 3656 ,
2539 3587 2595 3644 3.

308 3672 392 3745 Cf.
416 3675 721 3730 senarium
752 3671 924 3731 Pron.
964 3671 1106 3746 100,
1133 3689 1230 3747 pq.
1273 3671 1424 3745 107,
1469 3679 1525 3728 ει
1563 3670 1730 3745 infra
1772 3671 1809 3746 3
1844 3671 2010 3729 114⁸.
2182 3671 2267 3731 40
2313 3670 2414 3730 Ex
2450 3673 2597 3730 libro

297 3759 368 3812 de
396 3759 608 3814 remed.
635 3756 1011 3829 fortuitorum
1043 3757 1167 3827 7,1
1329 3750 1554 3834 laudari]
1589 3755 1855 3815 laudabile
1887 3759 1963 3815 al.
2001 3755 2137 3814 Sen.
2170 3758 2241 3815 de
2275 3759 2388 3814 vita
2423 3757 2593 3814 beata

305 3841 417 3913 23,
448 3841 487 3897 4
532 3839 686 3898 ‘mihi
717 3842 850 3914 iam,
883 3841 1029 3916 quod
1061 3850 1437 3916 argumentum
1469 3849 1554 3898 est
1584 3843 1753 3914 recti,
1784 3842 2056 3918 contingit
2086 3840 2237 3898 maiis
2269 3839 2596 3916 displicere.

469 3926 549 3982 41
600 3927 972 4016 Desumptum
1003 3941 1081 3984 ex
1108 3927 1256 3984 libro
1283 3927 1354 3982 de
1385 3929 1652 3985 remediis
1677 3926 1824 4000 fort.
1859 3927 1930 4000 7,
1965 3925 2020 3984 2.
2112 3926 2199 4020 Cf.
2237 3925 2597 3998 sennaar-11.

306 4011 404 4106 19,
428 4009 465 4069 5
502 3997 758 4067 Πλάτων
788 4003 1239 4086 λοιδορούμενος
1270 3995 1391 4068 ὖπό
1422 4026 1581 4080 τινος
1606 4006 1785 4087 Λέγε,
1817 4004 1961 4088 ἔφη.
1994 4007 2218 4078 κακῶς,
2242 4001 2367 4066 ἐπεὶ
2397 4006 2592 4077 καλῶς

301 4082 413 4152 οὐκ
442 4089 665 4169 ἔμαθες
834 4111 1048 4153 mereor
1077 4112 1184 4171 ego
1218 4095 1337 4153 Ga.-
1378 4111 1592 4153 mereor
1625 4095 1709 4153 his
1743 4096 1846 4168 σὺ,
1879 4096 2121 4153 met-iaris
2155 4094 2200 4152 S
2366 4093 2446 4150 42
2495 4095 2596 4152 Ex

300 4181 447 4239 libro
487 4183 559 4238 de
602 4182 813 4238 remed.
854 4180 999 4254 fort.
1035 4182 1102 4252 7,
1135 4179 1194 4238 3.
1284 4177 1357 4237 In
1398 4184 1517 4254 fine
1559 4181 1732 4239 nnius
1754 4139 2134 4254 pa’rayrapha·
2168 4179 2249 4236 Ge>
2279 4180 2595 4253 subiunyit:

302 4280 435 4338 Male
465 4280 532 4338 de
562 4289 617 4338 te
647 4281 948 4358 loquuntur
979 4282 1245 4339 homines.
1295 4280 1350 4338 R.
1378 4280 1437 4354 (ι’.
1464 4299 1512 4341 e.
1540 4284 1827 4357 responsio
1861 4283 1949 4340 vel
1977 4282 2163 4338 simile
2193 4278 2350 4354 quid)
2383 4279 2595 4371 gaude-o

301 4385 347 4441 si
389 4383 757 4458 mentiuntur,
800 4383 959 4441 doleo
1001 4385 1048 4440 si
1080 4399 1203 4440 vera
1233 4381 1436 4442 dicunt.
1526 4381 1662 4441 Male
1692 4382 1759 4441 de
1791 4389 1845 4440 te
1876 4381 2181 4459 loquuntur
2212 4381 2476 4440 homines.
2533 4381 2594 4439 lt.

303 4466 433 4525 dum
464 4484 549 4526 me
579 4468 837 4544 lacerant,
867 4486 929 4528 se
960 4468 1249 4528 maculant.
