3209 5184
1115 455 1662 513 Pnonneounm.
2189 489 2208 497 -
2454 449 2538 514 47
2623 532 2636 541 ,

269 615 386 701 legi
444 617 577 704 ipsi
635 616 1260 704 obtemperavimuS,
1330 640 1456 703 quo
1511 617 1718 680 maior
1781 616 1970 680 nobis
2029 625 2199 681 esset
2253 614 2542 700 licentia,

269 718 328 781 in
376 740 572 789 arena
629 719 815 804 quasi
871 727 1120 782 secreta
1176 720 1341 783 citra
1385 719 1770 804 cuiusquam
1814 717 2123 782 damnum
2168 716 2545 782 exsultandi

268 830 324 884 et
364 820 756 885 coniecturis
801 814 1213 905 indulgendi.

1170 1045 1624 1052 —-—-—-—————--

839 1231 932 1317 V.
1030 1231 1150 1315 De
1210 1231 1960 1341 interpolationibus.

418 1427 931 1515 Interpolatores
993 1430 1116 1495 hoc
1171 1430 1313 1495 loco
1367 1454 1497 1496 non
1551 1453 1661 1496 eos
1722 1432 2033 1515 dicimuS,
2102 1435 2214 1519 qui
2270 1433 2542 1498 Publilii

261 1531 597 1596 sententiis
666 1529 912 1595 alienas
979 1531 1377 1597 addiderunt
1442 1532 1552 1617 (de
1616 1534 1718 1598 his
1781 1536 1953 1598 enim
2017 1536 2146 1598 iam
2202 1535 2269 1598 in
2328 1537 2540 1622 capite

262 1645 479 1718 quarto
527 1633 1002 1719 exposuimus),
1050 1633 1165 1699 sed
1209 1633 1355 1698 illos
1397 1634 1635 1720 potiuS,
1684 1637 1798 1721 qui
1840 1635 2316 1723 interpretandi
2347 1658 2542 1702 causa

261 1734 456 1798 verba
499 1742 733 1821 poetae
777 1736 1049 1800 consulto
1092 1736 1629 1800 immutaverunt:
1679 1739 1775 1800 sic
1820 1760 1937 1803 suo
1967 1739 2196 1803 ordine
2227 1740 2296 1802 in
2325 1740 2540 1825 capite

259 1846 436 1901 sexto
484 1836 569 1899 de
612 1837 694 1899 iis
741 1835 1253 1921 corruptelarum
1295 1837 2144 1921 generibus-disserendum
2184 1841 2330 1922 erit,
2376 1862 2542 1925 quae

258 1940 469 2003 invitis
524 1938 812 2001 librariis
865 1935 1153 2001 admissa
1208 1948 1360 2002 sunt
1415 1961 1492 2002 ac
1549 1937 1631 2002 de
1676 1938 1981 2005 tollendis
2027 1943 2141 2025 iis,
2198 1941 2268 2006 id
2314 1951 2415 2006 est
2459 1942 2541 2005 de

259 2039 698 2103 emendandis,
788 2038 919 2103 Sed
975 2041 1280 2125 quoniam
1336 2042 1404 2104 in
1462 2040 1761 2126 plurimis
1808 2043 2142 2107 codicibus
2188 2042 2538 2131 interpola-

257 2144 444 2207 tionis
501 2138 791 2225 vestigia
843 2162 975 2204 non
1019 2142 1310 2205 extincta
1354 2142 1651 2228 quidem,
1708 2152 1776 2206 at
1832 2155 2007 2208 certe
2057 2146 2150 2209 ita
2194 2143 2542 2209 obscurata

258 2255 434 2323 sunt,
479 2253 553 2308 ut
596 2241 988 2328 aliquotiens
1033 2243 1318 2308 incertus
1366 2244 1665 2326 haereaS,
1714 2245 1929 2308 sintne
1974 2243 2207 2310 deletis
2253 2247 2537 2332 interpo-

258 2345 475 2410 latoris
543 2342 652 2408 vel
707 2341 1088 2428 glossatoris
1144 2344 1613 2411 additamentis
1675 2347 1914 2410 senarii
1968 2346 2388 2431 restituendi,
2455 2370 2540 2410 an

257 2447 613 2511 sententiae
668 2447 959 2533 pedestri
1014 2448 1297 2511 sermoni
1349 2448 1820 2532 assignandae,
1879 2450 2161 2536 primum
2213 2448 2540 2513 luculento

258 2550 562 2615 codicis
610 2547 1082 2613 Turicensis
1116 2548 1413 2637 exemplo
1445 2549 1891 2620 demonstrare
1921 2552 2321 2634 conabimur,
2354 2550 2538 2637 quid-

255 2674 399 2714 nam
447 2635 704 2714 consilii
745 2649 1242 2738 interpolatores
1289 2652 1495 2715 secuti
1539 2653 1673 2716 sint
1702 2640 1770 2716 et
1797 2674 1956 2740 quos
1996 2653 2082 2717 ad
2126 2653 2287 2717 fines
2318 2674 2539 2717 eorum

255 2775 449 2841 opera
501 2762 799 2838 grassata
853 2754 960 2817 sit.
1048 2752 1131 2817 Id
1187 2775 1332 2817 cum
1389 2775 1508 2841 per
1566 2778 1637 2818 se
1679 2754 1941 2840 neglegi
1986 2778 2116 2820 non
2172 2756 2411 2842 possit,
2467 2764 2540 2818 ut

253 2866 501 2919 rectum
546 2853 629 2918 de
673 2855 906 2918 ceteris
960 2853 1294 2919 codicibus
1339 2855 1625 2920 feramus
1670 2855 2019 2938 iudicium,
2077 2866 2217 2921 tum
2261 2856 2537 2920 delecta-

255 2956 449 3020 tionis
504 2955 758 3041 aliquid
802 2957 1000 3021 habet
1046 2979 1130 3019 ex
1175 2959 1317 3043 ipsa
1362 2958 1606 3037 codicis
1654 2955 1874 3022 indole
1917 2967 2113 3045 atque
2158 2957 2538 3022 condicione

254 3056 676 3144 comprobare
742 3057 1108 3124 scholarum
1175 3069 1629 3146 praeceptores
1685 3058 1772 3123 ad
1834 3059 2195 3125 docendam
2248 3060 2538 3146 linguam

253 3158 519 3224 latinam
565 3158 836 3224 Publilii
881 3161 1222 3224 sententiis
1265 3183 1419 3226 usos
1466 3183 1631 3226 esse.

424 3264 489 3347 1)
536 3261 816 3325 Omissis
863 3263 1201 3326 sententiis
1233 3262 1725 3346 Turicensibus,
1773 3285 1937 3349 quae
1979 3274 2095 3329 aut
2136 3263 2222 3328 ad
2265 3265 2536 3330 verbum

253 3386 397 3427 cum
453 3361 848 3427 Publilianis
906 3364 1203 3428 codicum
1264 3363 1529 3429 PRBF
1573 3366 1980 3451 conspirant,
2038 3376 2152 3431 aut
2205 3366 2396 3455 plane
2441 3370 2536 3432 in-

252 3475 466 3529 certae
523 3474 675 3529 sunt
729 3465 1035 3550 originis,
1102 3466 1292 3530 huius
1353 3467 1476 3531 erit
1530 3466 1658 3531 loci
1702 3466 1784 3530 de
1834 3469 1915 3532 iis
1962 3469 2312 3554 disserere,
2372 3491 2537 3556 quae

252 3568 681 3653 paraphrases
726 3565 1239 3632 Publilianamm
1283 3567 1601 3632 dicendae
1646 3579 1817 3633 sunt.
1894 3568 2077 3649 Quas
2119 3573 2232 3658 qui
2263 3594 2409 3636 cum
2441 3574 2536 3636 in-

251 3671 452 3755 tegris
510 3667 814 3732 versibus
873 3671 1382 3756 comparaverit,
1439 3670 1634 3736 facile
1676 3672 2058 3758 perspiciet,
2114 3696 2246 3740 non
2288 3682 2423 3738 tam
2469 3674 2537 3738 id

252 3774 465 3857 egisse
520 3769 1084 3857 interpolatorem,
1146 3781 1221 3836 ut
1272 3794 1504 3859 aspera
1562 3772 1945 3860 perpoliret,
2003 3775 2217 3839 minus
2276 3777 2536 3841 usitatis

251 3874 681 3938 substitueret
739 3870 1068 3957 vulgaria,
1126 3873 1212 3937 ad
1270 3873 1781 3959 intellegendum
1838 3875 2216 3943 obscuriora
2268 3879 2534 3945 auribus

252 3976 434 4060 vulgi
487 3974 1037 4056 accommodaret,
1106 3975 1224 4039 sed
1277 3975 1565 4040 voluisse
1633 3999 1779 4041 eum
1837 3979 2092 4043 variare
2156 3982 2533 4066 orationem,

252 4078 670 4171 prosper-<isse
726 4079 949 4165 copiae
1006 4077 1356 4141 verborum
1411 4078 1775 4163 parandae,
1834 4078 2116 4167 denique
2171 4084 2536 4149 ostendisse

251 4179 576 4267 quomodo
631 4179 858 4242 eadem
916 4180 1242 4245 sententia
1292 4179 1438 4243 aliis
1493 4180 1717 4245 verbis
1771 4192 1990 4270 posset
2045 4186 2345 4270 exprimi.
2436 4186 2534 4252 Ac

250 4282 482 4348 videor
534 4281 695 4345 mihi
750 4280 1007 4364 videre,
1065 4280 1300 4368 quibus
1346 4283 1887 4375 exercitationum
1928 4285 2277 4370 generibus
2321 4308 2533 4373 gram·

250 4386 526 4449 maticus
556 4384 907 4470 praecipue
938 4406 1199 4471 operam
1230 4383 1506 4449 dederit.
1572 4384 1977 4451 Iubebantur
2008 4390 2194 4474 pueri
2224 4389 2290 4453 in
2320 4387 2533 4477 locum

249 4485 601 4571 singularis
632 4485 949 4571 pluralem
979 4508 1315 4551 numerum
1346 4487 1765 4572 substituere,
1806 4490 2283 4556 nominativum
2315 4514 2378 4555 v.
2415 4493 2535 4556 115
