3209 5184
557 430 636 494 10
1419 449 1965 498 PROLEGOMENA.

552 599 797 664 liberae
862 604 1247 667 acerrimum
1312 611 1862 689 propugnatorem
1916 601 2261 667 Caesarem
2316 601 2694 684 offendisse,
2760 611 2834 667 ut

551 703 653 769 his
706 703 958 768 verbis:

900 814 1114 882 Perre,
1163 813 1446 898 Quirites!
1489 813 1807 871 libertatem
1839 814 2158 886 perdimus.

897 914 1135 974 Necesse
1178 919 1258 973 est
1298 915 1507 973 multos
1549 915 1774 982 timeat,
1820 932 1989 987 quem
2029 916 2199 973 multi
2242 917 2457 973 timent.

552 1029 722 1093 unde
775 1051 907 1094 non
961 1029 1172 1092 invito
1218 1028 1497 1092 Caesare
1541 1025 1787 1089 factum
1833 1020 2003 1108 esse,
2061 1035 2133 1091 ut
2178 1028 2389 1091 victus
2439 1026 2827 1110 discederet,

551 1133 692 1195 iure
746 1130 1113 1215 suspiceris,
1203 1127 1293 1192 Et
1347 1150 1737 1215 quamquam
1791 1127 2129 1191 infamiam
2191 1150 2490 1192 scaenam
2545 1129 2831 1213 ingressi

552 1232 721 1296 dono
775 1231 1038 1312 lenivit,
1097 1229 1273 1317 quod
1328 1252 1593 1294 censum
1639 1238 2006 1316 equestrem
2050 1228 2157 1293 vel
2202 1238 2568 1317 superaret,
2626 1230 2832 1295 altera

551 1344 769 1399 tamen
831 1331 1082 1396 macula
1146 1333 1579 1419 principatUS,
1648 1352 1837 1417 quem
1892 1331 2213 1395 Laberius
2278 1333 2449 1396 inter
2504 1333 2831 1397 scaenicos

550 1444 774 1523 poetas
832 1433 1233 1515 obtinuerat,
1290 1432 1666 1497 labefactati
1693 1466 1694 1469 ¹
1722 1434 2052 1524 remansit.
2141 1433 2442 1519 Denique
2499 1456 2691 1520 quam
2735 1433 2830 1497 di-

551 1558 742 1600 versa
799 1535 997 1617 fuerit
1049 1534 1317 1599 Laberii
1375 1544 1438 1600 et
1492 1532 1763 1613 Publilii
1817 1533 2103 1617 indoleS,
2173 1558 2257 1600 ex
2314 1534 2425 1600 illo
2482 1533 2834 1599 certamine

552 1637 791 1702 elucet:
823 1637 1189 1721 Laberium!
1205 1636 1443 1701 litteris
1475 1634 1681 1700 fuisse
1710 1645 1934 1701 natum
1968 1635 2285 1718 videmUS,
2313 1659 2584 1701 scaenae
2607 1635 2829 1701 Publi-

552 1739 742 1823 lium3
788 1738 993 1819 illum,
1040 1739 1110 1801 in
1154 1736 1373 1802 verbis
1418 1736 1741 1802 novandis
1770 1736 2274 1801 audacissimum
2304 1737 2581 1824 ideoque
2609 1761 2649 1801 a
2680 1738 2830 1803 Gel-

551 1840 655 1905 liis
702 1849 766 1905 et
795 1839 1027 1903 Noniis
1075 1840 1451 1926 saepissime
1497 1839 1789 1920 citatum,
1835 1839 2066 1902 mimos
2113 1860 2260 1903 suos
2307 1841 2377 1903 in
2420 1839 2660 1924 vulgus
2697 1839 2830 1903 edi-

552 1941 728 2006 disse
771 1942 1031 2022 scimus,
1078 1940 1249 2023 huic,
1299 1963 1383 2005 ex
1427 1940 1623 2026 Syria
1666 1939 1965 2021 advect0,
2013 1941 2118 2003 cui
2163 1962 2371 2005 sermo
2416 1940 2659 2005 latinus
2704 1964 2834 2005 non

552 2052 724 2107 esset
778 2042 1030 2129 patrius
1086 2050 1149 2106 et
1191 2044 1489 2123 nativus,
1545 2040 1663 2105 sed
1705 2042 2276 2125 grammaticorum
2305 2044 2688 2129 praeceptis
2734 2044 2830 2107 in-

551 2144 841 2210 culcatus
855 2145 920 2227 *)
939 2192 957 2225 ,
1013 2143 1180 2207 nihil
1232 2142 1413 2208 aliud
1463 2142 1670 2207 fuisse
1713 2144 2117 2231 propositum
2146 2141 2581 2225 crediderim,
2642 2166 2830 2230 quam

549 2256 644 2329 ut,
691 2269 836 2310 cum
881 2247 1023 2332 ipse
1052 2245 1468 2309 archimimus
1501 2254 1696 2327 esset,
1742 2243 1996 2309 fabulas
2028 2244 2471 2332 spectantibus
2502 2244 2831 2331 probaret.

551 2349 780 2435 Itaque
834 2346 1081 2410 factum
1136 2355 1268 2428 est,
1323 2355 1396 2411 ut
1452 2348 1780 2432 pertenuis
1828 2347 1966 2410 eius
2010 2347 2352 2411 mimorum
2395 2348 2707 2411 memoria
2748 2347 2832 2410 ad

551 2458 840 2536 posteros
870 2456 1359 2535 propagaretur.
1434 2447 2011 2513 CaesarePublilii
2040 2448 2293 2513 fautore
2322 2446 2543 2513 idibus
2574 2448 2832 2512 Martiis

550 2550 706 2613 anni
750 2548 1232 2637 quadragesimi
1278 2550 1494 2636 quarti
1538 2547 1881 2613 interfecto
1926 2559 2184 2636 poetam
2227 2549 2475 2613 Romae
2519 2552 2833 2613 mansisse

552 2660 616 2716 et
671 2653 934 2715 ineunte
987 2671 1210 2715 mense
1267 2650 1486 2737 Aprili
1555 2651 1785 2714 mimos
1841 2651 1910 2713 in
1964 2649 2218 2715 theatro
2288 2652 2500 2735 egisse
2558 2650 2834 2714 tradidit

552 2752 781 2817 Cicero
837 2752 908 2815 in
963 2753 1153 2839 epist.
1199 2750 1284 2814 ad
1329 2752 1529 2816 Attio.
1584 2750 1693 2833 14,
1740 2759 1777 2818 2
1835 2773 1909 2815 ex
1950 2754 2168 2834 priore
2222 2752 2480 2834 epistola
2524 2753 2835 2817 theatrum

544 2853 1022 2935 Publiliumque
1068 2853 1192 2936 (sic
1235 2861 1412 2916 recte
1441 2836 1728 2916 restituit
1758 2851 2058 2916 Baiterus
2091 2874 2174 2915 cx
2204 2853 2529 2938 Mediceo)
2560 2857 2830 2935 eoquovi,

552 2957 717 3020 bonu
757 2957 944 3037 siqua
987 2956 1418 3020 consentientis
1460 2955 1900 3032 multitudiuis,
1948 2955 2040 3017 ita
2078 2964 2150 3019 ut
2180 2953 2501 3018 Publilius
2531 2954 2829 3020 ardorem

552 3056 775 3144 populi
829 3055 1150 3120 libertatis
1206 3055 1688 3143 recuperandae
1743 3055 1965 3142 cupidi
2021 3064 2277 3120 secutus
2324 3076 2465 3119 esse
2508 3055 2832 3121 videatur.

553 3158 719 3222 Cum
777 3166 995 3221 autem
1039 3157 1354 3221 Laberius
1401 3156 1654 3222 decimo
1699 3179 1920 3221 mense
1962 3166 2112 3244 post
2156 3156 2499 3223 Caesarem
2546 3157 2833 3222 Puteolis

552 3268 725 3323 esset
779 3267 1104 3339 mortuu8,
1167 3256 1488 3322 Publilius
1545 3259 1789 3323 Romae
1845 3280 2145 3339 scaenam
2202 3258 2445 3341 tenuit,
2502 3260 2684 3322 cuius
2738 3261 2834 3323 rei

550 3368 777 3425 auctor
822 3368 921 3422 est
950 3356 1393 3446 Hieronymus
1426 3359 1495 3422 in
1526 3357 1849 3424 Chronico
1892 3359 1977 3423 ad
2006 3381 2066 3422 a.
2100 3360 2219 3423 711
2253 3381 2316 3422 u.
2350 3380 2429 3441 c.,
2477 3358 2585 3423 vel
2614 3362 2833 3447 potius

553 3460 901 3527 Suetonius
957 3482 1066 3547 pg.
1112 3460 1270 3544 295,
1315 3460 1401 3524 22
1445 3460 1546 3524 ed.
1592 3461 1843 3525 Rothii.
1935 3460 2216 3541 Quando
2273 3461 2477 3524 vitam
2522 3460 2832 3544 finiverit,

551 3585 683 3628 non
728 3569 1001 3626 constat.

718 3662 1057 3747 Insignem
1121 3663 1380 3727 laudem
1442 3662 1720 3751 adeptus
1789 3671 1887 3727 est
1947 3660 2268 3727 Publilius
2330 3663 2642 3729 brevibus
2699 3663 2830 3729 illis

553 3764 1028 3847 sententiiS,
1088 3763 1441 3829 moralibus
1498 3775 1562 3847 et
1618 3764 2153 3853 philosophorum
2193 3765 2559 3851 praeceptis
2606 3765 2831 3830 simili-

552 3868 696 3947 buS,
742 3866 952 3930 acutis
998 3864 1383 3952 lepidisque,
1429 3888 1591 3953 quas
1636 3876 1709 3931 ut
1737 3874 2267 3951 argumentorum
2298 3865 2638 3930 lasciviam
2675 3867 2832 3931 mol·

688 4057 741 4120 *)
780 4057 845 4106 In
880 4055 1162 4105 mimorum
1206 4056 1450 4120 prologis
1489 4071 1556 4106 ac
1592 4055 1833 4123 dialogis
1867 4056 2165 4106 Laberium
2202 4056 2450 4106 imitatus
2485 4056 2659 4107 verba
2696 4074 2837 4107 eom-

554 4144 737 4207 posita
771 4141 864 4190 hic
899 4139 1018 4190 illic
1053 4140 1258 4205 primus
1294 4138 1516 4190 finxisse
1551 4141 1796 4204 videtur,
1832 4157 1915 4191 ex.
1953 4156 2033 4207 gr.
2047 4136 2488 4205 pietaticultrix,
2524 4139 2838 4206 yracilipes‘,

555 4227 652 4276 sed
697 4228 755 4275 in
800 4224 1091 4275 sententiis
1138 4239 1272 4288 puro
1320 4239 1379 4274 se
1427 4227 1664 4275 sermoni
1709 4225 2048 4290 adplicabat.
2119 4222 2203 4274 Cf.
2246 4225 2413 4274 etiam
2456 4225 2673 4276 Plinius
2717 4232 2833 4303 nat..

552 4311 680 4361 hist.
706 4313 755 4373 8,
795 4311 824 4371 §
848 4312 973 4360 209:
1012 4305 1256 4359 Publilii
1278 4306 1566 4359 mimorum
1592 4312 1789 4374 poetae
1821 4323 1975 4370 cena,
2001 4311 2296 4373 postquam
2329 4307 2642 4361 servitutem
2678 4325 2836 4361 escue-

553 4398 675 4456 rat,
710 4392 873 4444 nulla
907 4395 1240 4445 memoratur
1273 4391 1394 4447 sine
1428 4391 1716 4446 abdomine
1726 4431 1744 4458 ,
1788 4391 1954 4445 etiam
1988 4390 2249 4446 vocabulo
2281 4392 2519 4449 suminis
2553 4392 2622 4446 ab
2657 4408 2717 4446 eo
2754 4394 2837 4449 iu-

545 4476 743 4546 posite.
