3209 5184
594 516 599 521 ,
654 441 738 507 58
1516 454 2063 504 monn-souma.

660 632 787 699 quo
850 588 1066 675 errore
1110 609 1451 677 inductum
1492 610 1836 698 scripsisse
1868 611 2016 694 pati
2057 631 2175 698 pro
2221 628 2329 694 e0,
2387 608 2563 696 quod
2607 610 2676 674 in
2717 609 2939 674 arche-

658 721 819 802 typo
863 714 1224 794 invenerat,
1266 713 1490 794 faeere.
2213 770 2220 777 .

823 813 1175 879 Caesuram
1229 822 1377 901 post
1433 813 1701 879 tertium
1754 815 2076 899 iambum,
2134 836 2260 902 qua
2312 813 2550 879 senarii
2611 812 2991 878 dimidiati·

653 914 1131 997 dissolvuntur,
1199 914 1397 1000 vulgo
1465 916 1764 993 damnari
1828 916 1936 981 vel
1994 926 2167 982 certe
2233 915 2593 1002 vituperari
2648 924 2931 981 constat:

655 1038 839 1105 quae·
862 1019 1026 1084 ratio
1072 1038 1266 1104 saepe
1310 1018 1701 1083 emendandi
1744 1018 2091 1084 consilium
2126 1018 2273 1083 aliis
2306 1040 2391 1082 ex
2421 1018 2630 1083 causis
2662 1017 2940 1104 petitum

655 1119 1082 1184 confirmavit.
1172 1118 1273 1184 Of.
1307 1142 1370 1184 V.
1402 1120 1506 1185 68.
1543 1120 1683 1185 132.
1722 1120 1861 1185 143.
1936 1120 2018 1184 V.
2051 1120 2172 1185 601
2221 1142 2351 1185 non
2392 1118 2937 1207 acquiescendum
2988 1183 3005 1201 ‚

657 1230 793 1287 erat
835 1220 905 1286 in
949 1222 1351 1288 coniectura:

995 1381 1123 1440 Sibi
1163 1381 1277 1455 ipsi
1317 1382 1680 1455 supplieimn‚
1720 1376 1731 1458 Ι
1769 1398 1936 1454 quem
1978 1381 2221 1440 admissi
2252 1381 2529 1454 paemltet,

653 1528 770 1592 sed
824 1528 1218 1616 transposito
1272 1527 1651 1616 pronomine
1697 1525 1973 1592 relativo
2019 1526 2380 1613 elegantiae
2425 1549 2652 1592 versus
2698 1548 2927 1591 consu-

653 1628 936 1694 lendum.
1024 1630 1252 1717 Neque
1306 1639 1522 1695 tamen
1565 1638 1639 1695 ut
1693 1629 1854 1693 haec
1897 1651 2164 1694 caesura
2206 1629 2451 1717 ubique
2494 1638 2941 1694 removeretur

652 1730 947 1815 contigit.
1037 1730 1137 1797 Of.
1184 1754 1248 1795 v.
1300 1733 1397 1796 15.
1444 1732 1548 1796 60.
1601 1731 1741 1796 192.
1786 1731 1932 1796 361.
1977 1732 2123 1799 491.
2167 1731 2294 1797 542
2325 1740 2390 1796 et
2432 1754 2495 1795 v.
2528 1731 2674 1796 200.
2766 1730 2936 1796 Con-

656 1833 856 1897 trario
921 1833 1114 1898 modo
1182 1833 1252 1896 in
1315 1832 1713 1897 tetrametris
1779 1832 2161 1917 trochaicis,
2230 1833 2287 1898 si
2351 1833 2465 1921 qui
2529 1832 2942 1897 coniecturae

657 1957 777 2021 ope
823 1933 1241 2019 indigebant,
1304 1955 1569 2021 operam
1614 1933 1948 2019 dedimus,
1993 1943 2066 2000 ut
2111 1956 2378 1999 caesura
2423 1943 2596 2000 esset
2641 1933 2939 2020 legitimo

653 2034 815 2119 locO,
862 2035 933 2100 id
978 2045 1074 2101 est
1118 2044 1267 2123 post
1311 2035 1543 2123 pedem
1588 2046 1912 2123 quartum.
1991 2036 2106 2135 Cf.
2153 2059 2217 2101 v,
2255 2036 2396 2101 126.
2435 2036 2574 2102 155.
2606 2036 2751 2101 381.
2783 2036 2936 2100 479.

653 2138 798 2202 635.
846 2137 1048 2223 (638).

821 2239 890 2325 3)
937 2238 1327 2326 Priusquam
1383 2239 1476 2304 de
1537 2261 1897 2306 sermone
1951 2239 2292 2305 Publilii
2351 2239 2682 2325 dicamus,
2748 2238 2941 2304 refel-
3029 2299 3038 2305 .

651 2339 842 2404 lenda
887 2349 985 2405 est
1029 2340 1433 2428 quorundam
1478 2342 1729 2430 opinio,
1788 2343 1899 2430 qui
1943 2343 2115 2419 hunc
2169 2351 2429 2433 poetam
2473 2365 2581 2408 ore
2628 2342 2934 2407 Enniano

655 2440 759 2505 vel
790 2440 1093 2508 Plautino
1139 2441 1426 2508 locutum
1473 2466 1616 2509 esse
1662 2444 1791 2509 sibi
1818 2444 2095 2532 aliisque
2126 2454 2616 2531 persuaserunt.
2649 2430 2940 2509 circum-

652 2543 950 2608 feruntur
996 2545 1169 2609 enim
1211 2546 1283 2609 in
1326 2546 1723 2631 editionibus
1770 2547 2011 2612 multae
2055 2547 2299 2613 formae
2328 2547 2749 2634 antiquiores,
2796 2549 2939 2634 qui-

651 2645 773 2709 bus
820 2644 1250 2711 Ciceroniana
1291 2655 1471 2712 aetas
1516 2648 1848 2713 abstinere
1892 2649 2302 2732 adsueverat,
2348 2651 2466 2715 siet
2505 2671 2570 2713 v,
2607 2650 2751 2715 396.
2784 2650 2938 2732 430,

640 2748 877 2830 possiet
918 2748 1071 2827 379,
1119 2749 1291 2831 potis
1333 2755 1422 2814 est
1473 2750 1633 2833 656,
1679 2753 1915 2816 eredier
1956 2751 2072 2835 27,
2131 2752 2520 2817 dominarier
2562 2751 2723 2832 213,
2783 2753 2940 2816 obli-

652 2849 873 2914 viscier
915 2848 1070 2930 305,
1126 2852 1433 2916 mutarier
1476 2852 1633 2935 3793
1692 2875 1756 2915 v.
1802 2853 1929 2918 230
1970 2859 2193 2919 causat
2242 2875 2358 2941 pro
2405 2857 2706 2919 ‘causatur
2761 2854 2939 2939 posi-

651 2958 791 3014 tum
834 2948 1118 3016 Publilio
1165 2951 1519 3040 imputavit
1561 2954 1995 3038 Ribbeckius,
2044 2978 2109 3019 v.
2140 2956 2263 3020 347
2310 2961 2443 3021 tam
2487 2976 2563 3018 ea
2608 2953 2938 3039 significa-

652 3052 860 3135 tione,
917 3060 991 3117 ut
1046 3051 1222 3118 idem
1278 3053 1493 3120 valeat
1537 3056 1714 3143 quod
1757 3063 1994 3137 tamen,
2051 3056 2324 3122 Bothius
2369 3056 2593 3122 addito
2650 3061 2942 3121 ‘versum

653 3176 797 3219 esse
840 3153 1116 3219 alicuius
1149 3176 1232 3220 ex
1273 3158 1788 3224 vetustioribus’.
1877 3158 2009 3225 Sed
2040 3158 2232 3223 valde
2264 3158 2612 3223 dolendum
2644 3157 2944 3223 absoleta

653 3254 768 3319 illa
810 3277 1132 3342 nusquam
1176 3256 1309 3342 legi
1352 3260 1421 3322 in
1466 3259 1837 3344 codicibus,
1886 3262 2015 3326 nisi
2059 3261 2228 3327 forte
2273 3284 2337 3324 v.
2382 3261 2463 3325 27
2508 3261 2580 3325 in
2622 3259 2942 3325 librorum

654 3355 1094 3444 discrepantia
1137 3362 1379 3425 eredere
1423 3370 1486 3426 et
1531 3364 1700 3426 credi
1743 3363 2027 3448 vestigia
2072 3360 2272 3453 latent
2317 3363 2626 3427 infinitivi
2666 3363 2941 3442 eredier‚·

651 3459 871 3545 itaque
930 3461 1145 3546 prisca
1202 3463 1517 3527 sermonis
1590 3472 1886 3527 vetustas
1944 3463 2300 3529 editoribus
2362 3464 2664 3528 ultimum
2717 3466 2939 3550 potius

649 3558 981 3645 refugium
1024 3561 1226 3628 fuisse
1270 3563 1567 3649 videtur,
1617 3566 1915 3652 quotiens
1959 3574 2032 3630 ut
2073 3564 2265 3630 aliter
2308 3589 2393 3631 ex
2437 3563 2940 3630 difficultatibus

649 3684 719 3725 se
764 3662 1150 3749 expedirent
1203 3687 1332 3730 non
1379 3668 1678 3751 contigit.
1769 3665 1958 3748 Quae
2000 3689 2070 3732 re
2115 3689 2274 3731 vera
2320 3668 2730 3754 antiquitatis
2777 3668 2938 3731 ima·
2981 3731 2988 3735 .

651 3764 871 3848 ginem
925 3765 1242 3851 referant,
1301 3790 1509 3854 pauca
1560 3768 1912 3834 admodum
1958 3778 2139 3853 sunt3
2203 3792 2265 3832 v.
2311 3769 2439 3834 434
2482 3770 2755 3853 addecet,
2810 3768 2943 3833 624

648 3868 775 3943 sat,
832 3864 955 3929 411
991 3888 1245 3950 perpe-5,
1304 3878 1367 3933 et
1411 3870 1626 3956 ipsum
1671 3848 1936 3959 quidem
1983 3870 2353 3937 coniectura
2398 3846 2769 3952 inductum,
2819 3871 2941 3935 sed

649 3968 1018 4031 necessaria
1062 3968 1145 4033 ob
1190 3979 1497 4054 metrum3
1544 3974 1791 4059 pariter
1833 3995 2012 4056 maye
2057 3984 2121 4039 et
2150 3978 2298 4057 pote
2334 3974 2405 4037 in
2434 3971 2769 4037 codicibus
2802 3971 2940 4059 ple-

647 4089 918 4155 rumque
962 4080 1267 4158 corrupta
1308 4072 1379 4136 in
1422 4076 1629 4155 magis
1672 4085 1736 4140 et
1767 4081 1987 4158 potest,
2034 4097 2075 4139 a
2118 4083 2322 4140 metro
2367 4073 2726 4138 firmantur.

820 4169 914 4236 Ut
955 4180 1174 4237 autem
1216 4172 1301 4237 ab
1346 4173 1656 4239 obsoletis
1699 4175 2052 4258 abstinuit,
2110 4178 2237 4260 ita,
2294 4177 2362 4239 in
2408 4175 2749 4241 sententiis
2789 4177 2938 4263 *qui-

651 4270 830 4354 dem,
885 4295 926 4336 a
978 4274 1301 4339 novandis
1356 4297 1613 4363 quoque
1665 4277 1909 4342 verbis.
1995 4277 2105 4343 Ad
2161 4276 2517 4342 ornandam
2572 4278 2936 4342 orationem

648 4395 780 4437 non
824 4374 918 4438 ita
959 4375 1336 4462 frequenter
1378 4400 1534 4443 usus
1582 4387 1683 4444 est
1723 4378 2209 4462 allitteratione,
2264 4401 2329 4443 v.
2373 4379 2500 4444 246
2539 4379 2723 4460 fortis
2761 4379 2942 4461 felix,

649 4474 779 4543 494
818 4476 988 4560 flecto
1026 4479 1287 4565 limem,
1333 4480 1458 4546 668
1503 4481 1679 4547 dolor
1720 4482 2041 4562 damnum,
2086 4503 2408 4569 nusquam
2449 4480 2930 4547 homoeoteleu-
