3209 5184
1157 459 1702 508 PROLEGOMENA.
2481 445 2562 508 27

279 617 393 681 sed
438 613 798 681 Publilium
844 615 1106 701 Syrum,
1151 613 1303 678 licet
1346 616 1407 679 ei
1448 616 1833 680 recentioris
1874 615 2109 680 aetatis
2155 613 2411 680 codices
2445 614 2565 678 Pa-

275 718 517 783 risinos
572 726 832 804 praesto
864 716 1093 803 ‘fuisse
1135 717 1416 781 libenter
1457 716 1730 802 largiar,
1785 715 2392 804 interpolationibus
2437 739 2568 782 non

278 821 492 883 minus
537 818 933 883 deformavit
972 840 1165 905 quam
1206 819 1565 904 ingeniosis
1597 816 2162 885 emendationibus
2192 817 2566 905 perpolivit.

277 922 427 987 Non
470 923 568 986 ita
607 920 845 985 multas
889 920 1153 1007 quidem
1198 922 1553 986 sententias
1600 943 1686 984 ex
1730 920 2100 1007 proverbiis
2147 918 2253 982 vel
2295 919 2564 1005 Anony-

279 1047 380 1089 mo
426 1023 514 1087 de
559 1022 846 1088 moribus
891 1022 1159 1108 recepit,
1206 1023 1325 1086 sed
1368 1031 1549 1087 tanto
1593 1021 1813 1109 plures
1848 1043 1931 1085 ex
1964 1020 2231 1102 Seneca,
2276 1020 2564 1085 Pseudo-

279 1125 552 1190 caecilio
596 1123 803 1188 Balbo
856 1122 1137 1210 aliisque
1151 1172 1170 1205 ,
1231 1146 1390 1210 quas
1433 1124 1506 1187 in
1547 1122 1885 1189 codicibus
1929 1122 2338 1209 interpolatis
2383 1123 2564 1186 inve-

275 1235 488 1292 nerat.
576 1226 701 1290 Rei
756 1225 1064 1289 metricae
1118 1226 1212 1289 ita
1255 1247 1327 1289 se
1374 1225 1679 1312 praebuit
1723 1225 2037 1312 peritum,-
2095 1232 2166 1289 ut
2211 1225 2598 1288 sententias*

275 1352 405 1394 non
448 1327 757 1416 probaret
798 1327 928 1391 nisi
972 1348 1137 1412 quae
1179 1348 1252 1389 re
1294 1348 1453 1390 vera
1495 1335 1703 1391 metro
1747 1324 2101 1391 adstrictae
2146 1333 2396 1406 essent,
2455 1348 2565 1412 pe-

276 1431 536 1495 destres
593 1438 809 1494 autem
865 1427 1253 1512 corrigendo
1306 1428 1613 1494 redderet
1666 1426 1828 1491 tales
1845 1476 1865 1511 ,
1929 1436 2004 1491 ut
2047 1428 2168 1491 vix
2223 1428 2569 1513 quisquam

276 1555 389 1596 eas
435 1555 476 1595 a
519 1529 822 1595 versibus
867 1528 1273 1615 distinguere
1316 1536 1556 1616 posset.

451 1631 585 1698 Sed
627 1640 702 1697 ut
757 1630 842 1694 de
885 1632 1186 1696 versibus
1232 1631 1675 1718 interpolatis,
1732 1652 1892 1716 quos
1935 1631 2007 1694 in
2050 1630 2410 1718 appendice
2454 1654 2568 1696 ex-

275 1733 658 1822 primendos
714 1734 969 1815 curavi,
1035 1732 1159 1797 hoc
1211 1732 1354 1798 loco
1409 1731 1576 1796 nihil
1631 1731 1876 1816 dicam,
1935 1733 2004 1796 in
2057 1732 2259 1797 alium
2315 1754 2571 1820 quoque

277 1857 566 1900 errorem
610 1834 923 1901 Pithoeus
978 1857 1367 1921 quamquam
1421 1835 1669 1900 invitus
1729 1835 2011 1899 editores
2057 1836 2450 1921 posteriores
2495 1856 2571 1899 eo

276 1938 565 2020 induxit,
612 1935 786 2021 quod
830 1919 1069 2001 librum
1113 1958 1300 2000 suum
1345 1959 1474 2000 non
1515 1935 1743 2001 addito
1786 1937 2046 2000 nomine
2089 1959 2205 2001 suo
2250 1937 2319 2000 in
2358 1935 2569 2000 lucem

278 2041 610 2109 emiserat.
655 2037 823 2102 Cum
841 2039 1013 2101 enim
1036 2038 1257 2125 paucis
1278 2038 1467 2101 annis
1490 2046 1639 2125 post
1658 2037 1723 2102 J.
1751 2037 2103 2123 Scaliger
2131 2036 2402 2103 Publilii
2426 2061 2569 2102 sen-

277 2141 523 2206 tentias
552 2138 826 2203 selectas
856 2138 1171 2204 edidisset
1200 2137 1600 2226 totidemque
1631 2139 1932 2204 versibus
1960 2140 2214 2225 graecis
2246 2138 2570 2204 reddidis—

279 2251 380 2308 set
414 2240 656 2326 (Lugd.
692 2242 836 2305 Bat.
876 2240 1056 2324 1598,
1089 2250 1155 2305 et
1199 2241 1434 2306 iterum
1469 2243 1541 2306 in
1572 2262 1796 2328 opusc.
1828 2240 2110 2305 diversis
2142 2240 2349 2304 Paris.
2387 2241 2569 2306 1605.

280 2343 765 2428 Cf.Be1-nays,
822 2342 964 2406 Jos.
1009 2342 1245 2407 Justus
1286 2341 1610 2428 Scaliger,
1666 2365 1776 2429 pg.
1820 2343 1979 2424 286,
2025 2343 2212 2427 290),
2271 2365 2429 2406 usus
2484 2318 2572 2405 ad

280 2446 409 2510 hoc
451 2445 739 2509 editione
786 2444 1157 2525 Pithoeana,
1202 2445 1370 2509 sicut
1415 2445 1558 2532 ipse
1601 2444 1766 2509 dicit
1809 2446 1879 2509 in
1923 2446 2115 2530 epist.
2161 2444 2291 2508 360
2333 2442 2569 2528 (Scali-

280 2548 455 2633 geri‘
484 2543 836 2633 epistulae,
894 2544 1199 2611 Francof.
1251 2545 1475 2633 1627),
1534 2545 1827 2633 proclive
1881 2555 2022 2631 erat
2070 2545 2401 2630 Scaligero
2456 2547 2570 2610 tri-

282 2651 511 2731 buere,
543 2669 710 2733 quae
736 2646 1050 2711 Pithoeus
1080 2645 1187 2710 vel
1216 2656 1580 2713 mutaverat
1610 2648 1718 2712 vel
1746 2648 2112 2713 addiderat.
2186 2647 2297 2712 Sic
2326 2647 2573 2711 factum

284 2759 409 2831 est,
452 2758 527 2813 ut
568 2771 610 2812 a
639 2746 946 2829 Grutero,
991 2747 1310 2831 BentleiO,
1354 2748 1749 2831 Ribbeckio,
1793 2748 1941 2813 aliis
1986 2748 2228 2814 multae
2274 2747 2572 2813 emenda-

284 2854 521 2931 tiones,
566 2872 840 2936 quarum
878 2859 1104 2915 auctor
1136 2849 1443 2918 Pithoeus
1473 2851 1621 2934 fuit,
1668 2851 1999 2937 Scaligero
2027 2851 2573 2915 adscriberentur.

456 2953 631 3016 Eum
694 2973 976 3015 errorem
1028 2953 1310 3038 praeivit
1366 2953 1783 3039 professor
1839 2954 2106 3039 quidam
2160 2952 2570 3038 Ingolsta-

289 3054 631 3118 diensis.
718 3051 886 3116 Cum
931 3052 1104 3116 enim
1144 3054 1403 3118 Marcus
1433 3053 1768 3137 Velserus,
1812 3053 2210 3142 reipublicae
2239 3055 2571 3138 Augusta-

288 3178 412 3220 nae
464 3154 807 3237 duumvir,
865 3175 1035 3217 anno
1079 3154 1215 3217 fere
1265 3155 1427 3219 1599
1471 3155 1762 3240 codicem
1808 3156 2297 3239 Frisingensem
2340 3156 2574 3220 ceteris

290 3250 591 3322 omnibus
620 3253 1110 3340 locupletiorem
1139 3257 1508 3342 reperisset,
1552 3256 1799 3322 homini
1829 3255 2091 3321 cuidam
2125 3255 2335 3338 docto,
2383 3278 2573 3343 quem

291 3356 879 3444 Ingolstadiensem
938 3365 1002 3422 et
1059 3379 1143 3420 ex
1187 3359 1495 3423 societate
1550 3358 1594 3423 J
1599 3381 1713 3423 esu
1765 3358 1969 3423 fuisse
2026 3357 2576 3422 verisimillimum

294 3469 423 3542 est,
480 3481 630 3522 eum
684 3455 994 3539 tradidit,
1051 3466 1124 3522 ut
1179 3460 1533 3523 sententias
1588 3468 1912 3525 correctas
1958 3469 2023 3524 et
2066 3460 2339 3524 dimidia
2391 3467 2576 3546 parte

292 3561 639 3648 ampliores
704 3560 942 3624 iterum
1007 3558 1250 3625 ederet.
1335 3559 1460 3625 Illo
1519 3562 1665 3649 ipso
1731 3570 2021 3647 tempore
2073 3560 2318 3625 Mureti
2378 3581 2577 3647 opera

292 3661 667 3751 typothetas
724 3659 1280 3745 Ingolstadienses
1351 3671 1784 3726 exercuerunt
1835 3685 1953 3749 per
2007 3671 2315 3749 quattuor
2367 3662 2576 3727 lustra

294 3763 638 3851 quinquies
683 3763 861 3848 typis
908 3783 1241 3849 expressa,
1287 3786 1409 3829 nec
1450 3763 1808 3828 absurdum
1848 3763 2200 3829 videbatur
2239 3764 2448 3829 amico
2479 3762 2577 3828 illi

293 3865 551 3930 Velseri
607 3862 935 3950 opusculis
989 3864 1234 3930 Mureti
1287 3863 1559 3929 Publilii
1623 3867 1982 3931 sententias
2019 3866 2316 3948 addere,
2377 3874 2451 3930 ut
2493 3903 2576 3911 —

293 3968 505 4055 ipsius
560 3964 764 4028 verba
817 3964 1223 4049 adscribam,
1280 3987 1446 4052 quae
1498 3966 1703 4029 animi
1757 3965 2072 4031 laetitiam
2116 3989 2201 4031 ex
2244 3965 2577 4054 praeclaro

294 4071 566 4134 invento
623 4075 996 4154 perceptam
1040 4069 1198 4133 satis
1244 4066 1530 4154 produnt
1577 4106 1653 4113 —
1702 4069 2155 4151 eleyant‘issivno
2198 4069 2396 4133 nostri
2438 4068 2579 4132 aevi

292 4171 546 4255 inqenio
601 4169 1131 4252 elegantissimum
1172 4170 1335 4235 illud
1364 4170 1569 4251 prisci
1613 4170 1752 4234 aevi
1794 4171 2120 4252 inyem'um
2161 4170 2392 4234 habeas
2434 4188 2576 4232 con-

292 4275 597 4337 iunctum.
685 4269 942 4335 Prodiit
985 4271 1188 4355 igitur
1214 4292 1390 4336 nova
1417 4272 1889 4336 sententiarum
1916 4271 2205 4336 recensio
2233 4268 2580 4332 subiuncta

292 4373 539 4437 Mureti
593 4391 863 4457 operum
905 4369 1222 4435 volumini
1274 4370 1560 4436 secundo
1615 4394 1693 4436 ac
1747 4371 1965 4437 dicata
2014 4370 2320 4452 Velsero,
2374 4390 2577 4433 anno

296 4474 497 4539 1600
540 4471 702 4558 (non
742 4494 912 4538 anno
963 4473 1156 4558 1603,
1202 4484 1276 4537 ut
1319 4472 1517 4559 vulgo
1560 4464 1870 4557 traditur)
1917 4470 2407 4557 Ingolstadii
2450 4480 2576 4557 ty-
