3209 5184
642 475 728 545 50
1507 488 2054 542 PRoLEGOMENA.

644 649 804 713 haec
849 650 977 713 iam
1022 647 1138 711 alii
1183 656 1601 711 sanaverunt.
1690 647 1881 712 Nova
1919 645 2355 711 nanciscimur
2386 665 2470 706 ex
2500 642 2755 708 duobus
2798 640 2937 705 ad-

646 751 803 815 diti
858 749 1357 836 pronominis
1404 746 1744 814 relativi
1802 748 2152 836 exemplis,
2212 746 2295 810 de
2340 742 2779 833 quibusvide
2821 741 2937 806 ad-

642 853 1044 917 notationem
1085 850 1172 915 ad
1216 873 1280 915 v.
1327 851 1453 916 423
1497 859 1561 914 et
1604 851 1752 915 483.
1845 849 2028 932 Quid
2086 851 2257 913 enim
2313 846 2495 912 aliud
2551 846 2753 911 latere
2809 844 2939 909 tibi

642 953 1036 1041 persuadeas
1081 976 1146 1017 v.
1191 954 1315 1019 547
3004 955 3014 965 '

951 1078 1141 1154 Quam
1183 1083 1263 1137 est
1304 1077 1445 1150 felix
1487 1080 1626 1146 vita,
1672 1096 1818 1151 quae
1861 1080 1987 1137 sine
2029 1080 2271 1153 rneqotiis
2313 1076 2546 1143 transit,

643 1210 772 1274 nisi
814 1208 971 1276 hoc:

1136 1299 1327 1375 Quam
1367 1299 1507 1372 felix
1548 1301 1672 1359 vita
1715 1302 1929 1358 transit
1970 1302 2096 1358 sine
2138 1300 2382 1373 neyotiis
2396 1300 2427 1357 ἓ

645 1430 798 1493 Pari
840 1429 1031 1494 modo
1076 1430 1147 1493 in
1190 1450 1387 1494 versu
1433 1429 1574 1513 132,
1624 1429 1736 1516 qui
1780 1429 2032 1494 tamdiu
2075 1429 2356 1494 editores
2401 1428 2694 1511 vexavit,

946 1572 1406 1631 Deliberandwm
1449 1576 1530 1630 est
1572 1571 1855 1644 quidquid
1896 1571 2271 1630 statuendam
2316 1575 2397 1629 est
2438 1571 2648 1639 semel,-

647 1702 822 1790 quod
878 1700 1224 1765 manifeste
1279 1700 1497 1783 deest,
1554 1710 1628 1765 ut
1682 1700 1923 1766 habeat
1974 1702 2158 1766 semel
2201 1701 2307 1765 cui
2351 1708 2746 1788 opponatur,
2807 1722 2941 1765 non

646 1814 743 1868 est
787 1805 899 1868 diu
943 1824 1028 1866 ex
1057 1801 1406 1867 Vincentio
1452 1801 1817 1886 inductum,
1866 1801 1981 1867 sed
2023 1823 2207 1887 saepe
2250 1803 2320 1866 in
2354 1801 2490 1866 solo
2524 1801 2939 1886 Frisingensi

643 1915 1009 1988 servatum3
1055 1904 1186 1967 iam
1231 1902 1547 1968 adverbio
1594 1926 1709 1968 suo
1754 1902 1894 1970 loco
1939 1905 2226 1991 reposito
2256 1902 2636 1968 facillimum
2669 1898 2793 1968 erit
2826 1904 2940 1966 de-

645 2007 772 2071 leto
819 2006 1197 2092 pronomine
1243 2005 1559 2070 scribere:

946 2131 1407 2189 Deliberandam
1450 2134 1530 2188 est
1572 2147 1759 2204 saepe,
1804 2132 2179 2190 statuendam
2228 2125 2365 2211 (est)
2411 2131 2599 2190 semel.
2653 2100 2662 2107 ’

650 2260 881 2348 Neque
924 2260 1052 2324 alio
1096 2260 1263 2324 vitio
1308 2258 1562 2326 laborat
1607 2261 1676 2324 in
1721 2258 1948 2325 codice
1990 2260 2063 2322 F
2098 2260 2420 2325 sententia
2464 2261 2617 2326 632:

954 2385 1127 2445 Unus
1170 2387 1291 2444 dies
1321 2402 1581 2459 poenam
1625 2384 1812 2456 affert,
1858 2403 2037 2458 qaam
2079 2386 2249 2444 multi
2292 2387 2563 2460 cogitant,

643 2513 924 2599 ἄμετρος
980 2525 1043 2579 et
1096 2514 1179 2579 ab
1239 2517 1528 2581 oratione
1595 2515 1867 2599 vitiosa3
1933 2537 2083 2579 nam
2143 2514 2494 2579 dicendum
2551 2525 2690 2580 erat
2745 2538 2944 2597 qaam

646 2619 830 2682 multi
873 2614 1311 2700 eoyitaverunt.
1404 2615 1507 2680 Of.
1554 2617 1772 2680 varias
1819 2615 2128 2682 lectiones
2174 2615 2260 2680 ad
2305 2639 2416 2681 vv.
2460 2618 2522 2682 5.
2567 2615 2670 2681 57.
2716 2617 2863 2681 234.

813 2719 1173 2804 Egregium
1217 2714 1740 2804 interpolationis
1799 2718 2170 2806 exemplum
2235 2718 2507 2805 praebet
2573 2718 2940 2783 futurum

656 2842 912 2908 quoque
969 2830 1365 2901 exactum,
1424 2819 1594 2906 quod
1653 2820 1723 2882 in
1766 2822 2107 2884 sententiis
2151 2820 2566 2905 generalibus
2612 2821 2680 2882 in
2725 2819 2942 2884 locum

650 2924 1011 3010 praesentis
1070 2923 1417 2987 succedere
1473 2920 1582 2984 vel
1639 2943 1829 3008 posse
1884 2921 1991 2986 vel
2046 2922 2280 2985 debere
2339 2924 2495 2989 satis
2545 2932 2769 2987 notum
2817 2934 2942 2988 est.

645 3024 722 3088 Id
768 3025 971 3110 igitur
1017 3034 1089 3088 ut
1135 3021 1472 3111 discipulis
1519 3022 1876 3089 inculcaret
1921 3023 2060 3088 ludi
2103 3025 2434 3109 magister,
2481 3024 2715 3090 multos
2761 3022 2943 3090 locos

650 3127 960 3208 correxit,
1009 3125 1215 3190 veluti
1261 3147 1325 3191 v,
1370 3125 1495 3189 242
1528 3118 1879 3208 peccaverit
1926 3126 2216 3211 (peceat),
2267 3126 2388 3191 179
2419 3128 2788 3209 perdiderit,
2822 3149 2941 3210 po-

642 3229 800 3307 terit,
848 3228 986 3291 213
1012 3229 1213 3308 fueris
1257 3229 1469 3291 doetus
1515 3227 1631 3311 (sis
1674 3229 1947 3315 (ἰθείας),
1994 3251 2178 3315 prov.
2217 3229 2247 3292 1
2296 3229 2533 3293 deridet
2575 3227 2941 3316 (deriserit).

644 3327 820 3391 Hinc
864 3330 1217 3415 petivimus
1265 3327 1539 3392 duorum
1574 3350 1882 3393 versuum
1929 3331 2354 3394 certissimam
2387 3330 2943 3395 emendationem:

759 3478 857 3527 241
904 3471 1158 3530 Irritare
1202 3475 1283 3530 est
1329 3473 1734 3540 calamitatem,
1780 3489 1912 3531 eam
1953 3476 2006 3530 te
2047 3471 2269 3544 felicem
2309 3489 2468 3531 voees
2515 3465 2886 3553 (vocaveris),

757 3580 858 3629 409
906 3571 1233 3633 Necessitas
1276 3575 1428 3648 quod
1459 3574 1666 3648 poscit,
1710 3576 1829 3633 nisi
1870 3575 1986 3643 des,
2032 3576 2201 3647 eripit
2247 3570 2525 3653 (dederis)
2539 3595 2560 3633 .·

645 3703 727 3765 ad
774 3702 952 3766 illam
998 3703 1261 3789 quidem
1306 3705 1435 3767 iam
1480 3705 1779 3791 proxime
1817 3705 2095 3769 accessit
2126 3705 2339 3769 editor
2366 3703 2941 3789 IngolstadiensiS,

646 3805 778 3868 nisi
835 3804 1009 3890 quod
1064 3827 1196 3870 non
1253 3806 1423 3870 vidit
1476 3807 1895 3873 coniunctivo
1952 3829 2113 3894 opus
2163 3826 2305 3870 esse
2349 3808 2421 3870 in
2465 3806 2752 3870 secunda
2794 3828 2942 3893 per-

647 3927 839 3989 sona3
894 3904 1016 3971 hoc
1060 3905 1199 3972 loco
1243 3929 1325 3971 ne
1370 3909 1514 3993 quis
1559 3908 1964 3996 periclitetur
2005 3911 2079 3973 wi
2134 3910 2375 3974 dederis
2416 3911 2618 3993 rapit,
2673 3930 2943 3974 monen-

650 4008 805 4072 dum
855 4017 953 4073 est
997 4009 1394 4096 respondere
1438 4008 1567 4074 sibi
1612 4013 1768 4076 dare
1811 4022 1875 4077 et
1918 4014 2153 4095 eripere
2195 4034 2260 4075 v.
2306 4011 2432 4077 352
2477 4020 2542 4075 et
2571 4011 2716 4095 536,
2762 4013 2944 4099 apud

644 4110 799 4177 Sall.
847 4110 995 4196 Iug.
1047 4114 1115 4193 1,
1163 4112 1236 4194 3,
1285 4110 1437 4176 Sen.
1484 4113 1683 4199 epist.
1729 4114 1842 4197 59,
1894 4114 2004 4196 18,
2054 4114 2136 4176 de
2181 4121 2386 4178 const.
2435 4136 2570 4201 sap.
2617 4116 2689 4196 5,
2734 4114 2809 4196 4,
2855 4117 2943 4181 ad

642 4213 838 4279 Helv.
885 4214 946 4297 8,
991 4215 1069 4278 4.’

812 4318 1117 4404 Denique
1161 4315 1307 4403 plus
1352 4338 1480 4381 uno
1525 4318 1666 4383 loco
1710 4318 1782 4381 in
1824 4320 2010 4407 peius
2055 4327 2376 4383 mutatum
2411 4316 2713 4383 videmus
2758 4342 2942 4384 ver-

590 4475 608 4491 ,
640 4416 915 4484 borum
980 4418 1374 4502 ordinem,
1445 4420 1514 4483 in
1569 4420 1910 4485 Turicensi
1970 4423 2035 4486 in
2089 4421 2317 4507 primis
2361 4443 2441 4485 ac
2487 4421 2938 4507 Frisingensis

642 4530 827 4609 parte
871 4521 1096 4608 altera,
1145 4524 1300 4586 item
1344 4523 1520 4611 apud
1566 4525 1987 4592 Vincentium
2033 4526 2586 4593 Bellovacensem.
2657 4524 2943 4593 Minime
