3209 5184
617 484 698 547 86
1250 495 1559 542 PUBLILII
1607 493 1763 543 SYRI
1810 492 2266 541 SENTENUAE.

782 652 1098 717 Miserum
1143 657 1241 713 est
1284 656 1499 711 tacere
1540 648 1707 731 cogi,
1756 646 1929 733 quod
1975 645 2197 730 cupias
2241 644 2439 731 loqui.

619 761 740 820 315
785 752 1154 817 Miserrima
1198 758 1295 813 est
1340 749 1620 830 fortuna,
1669 769 1833 834 quae
1876 747 2139 811 inimico
2183 755 2380 811 caret.

784 852 997 918 Malus
1044 860 1142 915 est
1184 836 1539 933 vocandus,
1587 850 1700 935 qui
1744 870 1859 913 sua
1906 857 2003 912 est
2049 869 2245 911 causa
2288 848 2514 913 bonus,

783 953 995 1019 Malus
1040 954 1282 1018 bonum
1325 950 1442 1014 ubi
1487 973 1557 1014 se
1602 949 1885 1031 simulat,
1930 958 2087 1013 tunc
2132 957 2229 1013 est
2272 954 2611 1034 pessimus.

785 1057 1001 1121 Metus
1050 1076 1195 1117 cum
1239 1053 1445 1134 venit,
1492 1074 1710 1115 rarum
1756 1050 1956 1114 habet
2000 1072 2260 1113 somnus
2306 1049 2538 1115 locum.

786 1158 959 1223 Mori
999 1176 1265 1219 necesse
1312 1163 1432 1236 est,
1479 1153 1596 1217 sed
1642 1175 1770 1217 non
1816 1151 2115 1237 quotiens
2162 1150 2467 1217 volueris.

617 1265 748 1326 ‘320
791 1257 965 1324 Male
1009 1258 1278 1343 geritur,
1328 1254 1647 1341 quidquid
1690 1255 1940 1338 geritur-
1983 1254 2284 1318 fortunae
2327 1254 2475 1317 fide.

786 1362 1043 1426 M6rtuo
1090 1361 1202 1445 qui
1250 1359 1450 1421 mittit
1493 1378 1749 1436 munuS‚
1795 1353 1889 1417 nil
1935 1354 2048 1418 dat
2092 1353 2212 1437 illi,
2260 1354 2389 1418 sibi
2433 1356 2686 1420 adimit.

785 1463 1006 1527 Minus
1054 1471 1152 1526 est
1198 1482 1391 1546 quam
1437 1479 1665 1522 servus
1712 1455 2034 1537 dominuS,
2083 1457 2195 1542 qui
2239 1477 2460 1532 servos
2508 1458 2714 1520 timet.

784 1565 979 1648 Mage
1023 1561 1193 1625 fidus
1239 1562 1425 1625 heres
1471 1557 1777 1622 nascitur
1807 1579 2000 1644 quam
2046 1557 2375 1622 scribitur.
2711 1539 2728 1562 ⁸

787 1664 961 1730 Malo
1006 1665 1074 1727 in
1121 1660 1391 1728 consilio
1437 1662 1721 1725 feminae
1765 1661 2035 1725 vincunt
2080 1660 2281 1724 viros).

619 1775 740 1835 325
787 1766 964 1832 Mala
1009 1774 1108 1829 est
1152 1763 1451 1851 voluptas
1497 1762 1583 1825 ad
1629 1759 1914 1826 alienum
1958 1783 2396 1825 consuescere.

786 1869 1080 1933 Maximo
1124 1864 1368 1952 periclo
1415 1861 1804 1946 custoditur,
1853 1863 2026 1949 quod
2072 1862 2295 1928 multis
2341 1862 2573 1950 placet.

788 1967 964 2035 Mala
1011 1977 1109 2031 est
1152 1966 1498 2048 medicina,
1544 1965 1659 2029 ubi
1704 1963 1953 2050 aliquid
1996 1974 2265 2029 naturae
2311 1963 2498 2052 perit.

786 2071 999 2136 Malae
1042 2078 1312 2133 naturae
1356 2053 1707 2153 nut'nquam
1754 2065 2018 2135 doctore
2061 2065 2381 2152 indigent.

788 2171 1089 2237 Misereri
1135 2170 1301 2233 scire
1346 2165 1772 2258 sinexpericlo
1821 2176 1918 2231 est
1962 2169 2210 2230 vivere.

625 2283 751 2341 330
794 2273 969 2337 Male
1014 2273 1270 2354 vivunt,
1320 2272 1433 2357 qui
1480 2292 1549 2335 se
1594 2291 1849 2355 semper
1892 2270 2179 2334 victuros
2223 2279 2474 2356 putant.

626 2618 892 2661 comens
924 2619 973 2655 v.
1010 2600 1387 2659 309—3402‘
1422 2600 1585 2657 PRF
1612 2596 1803 2677 (TEO)

566 2773 571 2780 -
624 2738 755 2794 Mori
789 2745 873 2792 est
903 2736 1135 2807 feliciuS,
1168 2753 1214 2790 a.
1249 2752 1318 2790 m.
1353 2736 1590 2790 invoces·
1767 2732 1889 2790 314
1936 2741 2113 2789 tacere
2145 2735 2191 2791 C
2218 2736 2531 2792 Erasmus.-
2561 2751 2722 2809 agere
2756 2735 2925 2792 PRF

793 2823 978 2895 cupies
1011 2821 1373 2876 Penthaleon
1546 2817 1668 2875 315
1714 2820 1787 2873 in.
1820 2827 1966 2873 caret
1995 2820 2100 2875 PR
2148 2818 2306 2875 Vino.
2343 2820 2489 2876 Bell.
2522 2837 2607 2892 sp.
2631 2823 2685 2876 d.
2714 2819 2773 2891 4,
2798 2820 2910 2878 83:

631 2913 777 2963 caret
819 2907 892 2962 in.
939 2905 1007 2977 C,
1049 2906 1293 2961 inimicos
1338 2903 1468 2959 latet
1509 2905 1565 2959 F
1732 2903 1853 2960 316
1899 2919 1995 2958 sua
2039 2912 2121 2959 est
2172 2920 2328 2959 causa
2369 2906 2557 2961 PRF:
2597 2922 2693 2960 sua
2735 2922 2780 2960 c.
2824 2914 2915 2961 est
3012 2950 3056 2972 .,

519 2982 529 2993 ⁸
634 2994 939 3062 ErasmuS,
972 2999 1055 3047 est
1085 3009 1129 3046 s·
1163 3007 1209 3045 c.
1247 2988 1291 3045 0
1482 2987 1600 3045 317
1652 2988 1741 3060 Cf.
1776 3006 1825 3044 v.
1859 2987 1957 3045 20.
1995 2988 2091 3044 61.
2127 2988 2424 3063 3681400
2592 2987 2792 3045 bonum
2823 2989 2918 3046 ubi

630 3094 689 3133 se
721 3077 859 3132 PR.-
906 3075 993 3130 ubi
1034 3074 1088 3131 h.
1132 3091 1191 3131 se
1234 3075 1372 3144 FE,
1416 3082 1478 3128 ut
1518 3090 1577 3128 se
1618 3071 1666 3127 b.
1703 3072 1774 3144 C,
1816 3072 1985 3127 malus
2030 3074 2109 3128 vir
2147 3072 2347 3129 honum
2392 3073 2604 3147 quando
2646 3090 2704 3129 se
2754 3075 2914 3131 Vino.

630 3163 781 3218 Bell.
816 3177 906 3232 sp,
936 3163 991 3217 d.
1024 3158 1084 3230 4,
1120 3158 1238 3215 129
1435 3166 1564 3214 tunc
1593 3158 1749 3231 peior
1780 3165 1884 3227 est,
1916 3174 2097 3228 supra
2130 3174 2247 3214 scr.
2282 3158 2365 3214 vel
2397 3161 2660 3232 pessimus
2693 3160 2751 3214 E

627 3245 748 3303 318
794 3245 921 3300 dum
967 3244 1332 3316 Godofredus
1563 3259 1787 3297 somnus
1831 3242 1908 3297 F.-
1964 3259 2225 3316 sompnus
2272 3243 2341 3314 C,
2374 3260 2541 3299 sonus
2585 3243 2690 3299 PR
2765 3295 2782 3310 ,

628 3330 749 3387 319
797 3337 882 3385 est
914 3329 1014 3385 FC
1026 3354 1039 3383 .·
1084 3330 1152 3383 sit
1183 3328 1287 3384 PR
1463 3328 1677 3400 quoties
1710 3328 1993 3383 Erasmus
2192 3327 2315 3385 320
2361 3327 2405 3384 0
2449 3328 2607 3385 Vinc.
2642 3328 2790 3384 Bell.
2825 3344 2914 3400 sp.

626 3417 679 3470 cl.
714 3413 773 3486 5,
810 3413 925 3470 121
1129 3412 1250 3470 321
1299 3428 1492 3466 munus
1525 3412 1616 3485 qui
1648 3411 1813 3466 mittit
1845 3412 2064 3468 Gruter
2244 3411 2319 3468 nil
2354 3413 2663 3468 Erasmus,-
2708 3412 2839 3467 nihil
2871 3414 2918 3468 L

799 3498 919 3555 322
968 3497 1071 3554 EC
1115 3498 1269 3554 Vinc.
1305 3496 1451 3554 Bell.
1485 3512 1571 3567 sp.
1605 3497 1659 3551 d.
1693 3494 1765 3566 4,
1800 3494 1894 3551 74.
1935 3496 2072 3553 136.
2108 3496 2179 3567 6,
2218 3496 2289 3552 12
2479 3498 2613 3552 timit
2643 3497 2713 3568 P,
2747 3495 2918 3552 samu-

629 3584 770 3638 latur
799 3584 1083 3653 dominuS,
1120 3581 1208 3637 ubi
1239 3583 1393 3638 timet
1425 3579 1620 3654 quibus
1651 3581 1878 3653 imperat
1906 3597 2130 3654 prorsus
2169 3581 2219 3636 T
2413 3580 2533 3638 323
2584 3580 2670 3654 Cf.
2707 3601 2754 3638 v.
2791 3580 2916 3637 222

798 3685 953 3743 mage
987 3669 1232 3725 Gruter.-
1277 3667 1447 3741 magis
1480 3666 1601 3729 120,-
1646 3665 1816 3739 magis
1848 3666 2004 3722 heres
2040 3664 2175 3721 fidus
2205 3666 2480 3722 Pithoeus
2650 3664 2772 3723 324
2817 3665 2925 3722 EC

656 3753 814 3808 Vino.
861 3753 1011 3809 Bell.
1055 3768 1143 3823 sp.
1186 3754 1240 3806 d.
1286 3750 1355 3821 5,
1393 3751 1487 3808 10.
1531 3767 1619 3823 sp.
1652 3757 1777 3806 nal.
1814 3750 1926 3821 31,
1963 3752 2080 3806 115
2293 3751 2349 3806 in
2391 3770 2494 3808 om.
2548 3752 2703 3808 Vinc.

636 3835 758 3893 325
805 3835 1052 3910 voluptas
1099 3837 1412 3891 Erasmus.-
1458 3835 1705 3891 voluntas
1738 3833 1836 3890 LC
2043 3836 2228 3891 alienis
2272 3835 2591 3891 adsuescere
2635 3837 2921 3892 Erasmus

803 3919 924 3977 326
974 3920 1059 3992 Cf.
1105 3938 1155 3977 v.
1190 3919 1312 3976 408
1513 3920 1717 3993 periclo
1763 3920 2009 3976 Gruter.-
2053 3920 2292 3993 periculo
2335 3920 2511 3991 LEO,
2557 3936 2750 3994 magno
2793 3936 2917 3976 cum

632 4004 871 4080 periculo
905 4007 1208 4061 ErasmuS.
1271 4004 1512 4060 Hieron.
1547 4006 1673 4061 adv.
1707 4005 1889 4061 Iovin.
1919 4006 2015 4062 lib.
2047 4005 2088 4060 I
2111 4006 2215 4061 sub
2244 4008 2346 4077 fin.
2437 4002 2702 4061 ‘Difficile
2731 4014 2920 4061 custo·

632 4090 807 4161 ditur,
854 4089 998 4163 quod
1041 4089 1223 4163 plures
1267 4090 1488 4143 amant?
1693 4088 1812 4145 328
1859 4088 2085 4145 doctore
2117 4088 2335 4146 PbRC:
2376 4089 2655 4145 doctorem
2685 4089 2794 4160 Pa,
2826 4089 2921 4144 da-

633 4183 751 4230 tore
783 4175 853 4246 F,
886 4174 1131 4231 doctrina
1163 4175 1448 4229 Erasmus
1659 4173 1779 4230 329
1830 4174 1918 4246 Cf.
1952 4193 2000 4231 v.
2037 4173 2134 4229 77.
2172 4174 2293 4232 170
2507 4175 2745 4229 misereri
2776 4175 2921 4230 scire

634 4263 859 4316 restitui
887 4276 966 4317 ex
995 4260 1139 4317 RE.-
1184 4259 1364 4314 miseri
1393 4259 1532 4315 scire
1562 4259 1643 4329 Ρ,
1686 4259 1952 4314 miseriam
1983 4259 2190 4314 nescire
2222 4260 2277 4313 F
2302 4260 2621 4329 Erasmus,
2663 4259 2920 4326 miserum

630 4352 715 4399 est
755 4344 871 4400 sine
902 4343 1144 4419 periculo
1176 4343 1385 4399 nescire
1415 4345 1592 4398 vivere
1625 4342 1669 4398 C
1835 4343 2036 4416 periclo
2071 4344 2314 4400 Gruter.-
2358 4343 2599 4417 periculo
2631 4343 2707 4412 L,
2753 4351 2838 4399 est
2870 4362 2916 4400 s,

608 4446 688 4500 ,μ
720 4428 896 4484 vivere
930 4431 1215 4485 Erasmus
1414 4428 1538 4485 330
1582 4427 1687 4483 EC
1727 4427 1884 4483 Vino.
1927 4429 2067 4485 Bell.
2113 4445 2197 4500 sp.
2241 4430 2294 4484 cl.
2330 4428 2400 4499 5,
2437 4426 2575 4484 104.
2609 4443 2695 4498 sp.
2723 4446 2781 4483 n.
2814 4428 2921 4498 31,

594 4501 776 4574 “RDL
843 4511 935 4585 Cf.
972 4513 1105 4574 Sen.
1142 4517 1305 4584 epist.
1342 4512 1444 4583 23,
1485 4513 1559 4569 10
1590 4510 1743 4568 ‘Male
1777 4513 1991 4584 vivunt,
2024 4514 2116 4586 qui
2148 4529 2364 4588 semper
2391 4513 2570 4567 vivere
2593 4511 2918 4585 incipiunt?

1709 4655 1756 4690 ὁ
