<?xml version="1.0" encoding="UTF-8"?>
<!DOCTYPE html PUBLIC "-//W3C//DTD XHTML 1.0 Transitional//EN"
    "http://www.w3.org/TR/xhtml1/DTD/xhtml1-transitional.dtd">
<html xmlns="http://www.w3.org/1999/xhtml" xml:lang="en" lang="en">
 <head>
  <title>
</title>
<meta http-equiv="Content-Type" content="text/html;charset=utf-8" />
  <meta name='ocr-system' content='tesseract 3.04.00' />
  <meta name='ocr-capabilities' content='ocr_page ocr_carea ocr_par ocr_line ocrx_word'/>
</head>
<body>
  <div class='ocr_page' id='page_1' title='image "./publiliisyrisen01martgoog_0179.png"; bbox 0 0 3209 5184; ppageno 0'>
   <div class='ocr_carea' id='block_1_1' title="bbox 1142 474 2518 542">
    <p class='ocr_par' dir='ltr' id='par_1_1' title="bbox 1142 474 2518 542">
     <span class='ocr_line' id='line_1_1' title="bbox 1142 474 2518 542; baseline -0.001 -3"><span class='ocrx_word' id='word_1_1' title='bbox 1142 491 1238 541; x_wconf 77' lang='lat' dir='ltr'>DE</span> <span class='ocrx_word' id='word_1_2' title='bbox 1280 492 1606 542; x_wconf 70' lang='lat' dir='ltr'>uomens.</span> <span class='ocrx_word' id='word_1_3' title='bbox 2399 474 2518 539; x_wconf 88' lang='lat'>141</span> 
     </span>
    </p>
   </div>
   <div class='ocr_carea' id='block_1_2' title="bbox 234 643 2580 2238">
    <p class='ocr_par' dir='ltr' id='par_1_2' title="bbox 274 643 2520 734">
     <span class='ocr_line' id='line_1_2' title="bbox 274 643 2520 734; baseline -0.002 -19"><span class='ocrx_word' id='word_1_4' title='bbox 274 656 373 718; x_wconf 86' lang='lat'>55.</span> <span class='ocrx_word' id='word_1_5' title='bbox 418 648 860 734; x_wconf 87' lang='lat' dir='ltr'>Eleemosyna</span> <span class='ocrx_word' id='word_1_6' title='bbox 881 668 1013 711; x_wconf 89' lang='lat' dir='ltr'>non</span> <span class='ocrx_word' id='word_1_7' title='bbox 1033 654 1167 710; x_wconf 88' lang='lat' dir='ltr'>tam</span> <span class='ocrx_word' id='word_1_8' title='bbox 1190 646 1663 733; x_wconf 78' lang='lat' dir='ltr'>accipientibus</span> <span class='ocrx_word' id='word_1_9' title='bbox 1679 644 1945 732; x_wconf 88' lang='lat' dir='ltr'>prodest</span> <span class='ocrx_word' id='word_1_10' title='bbox 1963 665 2158 731; x_wconf 86' lang='lat' dir='ltr'>quam</span> <span class='ocrx_word' id='word_1_11' title='bbox 2180 643 2520 728; x_wconf 80' lang='lat' dir='ltr'>dantibus3</span> 
     </span>
    </p>

    <p class='ocr_par' dir='ltr' id='par_1_3' title="bbox 275 745 1850 836">
     <span class='ocr_line' id='line_1_3' title="bbox 275 745 1850 836; baseline -0.003 -20"><span class='ocrx_word' id='word_1_12' title='bbox 275 757 376 816; x_wconf 88' lang='lat'>56.</span> <span class='ocrx_word' id='word_1_13' title='bbox 425 751 551 836; x_wconf 83' lang='lat' dir='ltr'>(et)</span> <span class='ocrx_word' id='word_1_14' title='bbox 600 769 749 836; x_wconf 89' lang='lat' dir='ltr'>spes</span> <span class='ocrx_word' id='word_1_15' title='bbox 793 746 1069 835; x_wconf 89' lang='lat' dir='ltr'>praemii</span> <span class='ocrx_word' id='word_1_16' title='bbox 1113 746 1427 813; x_wconf 87' lang='lat' dir='ltr'>solacium</span> <span class='ocrx_word' id='word_1_17' title='bbox 1470 747 1544 812; x_wconf 80' lang='lat' dir='ltr'>fit</span> <span class='ocrx_word' id='word_1_18' title='bbox 1589 745 1850 812; x_wconf 87' lang='lat' dir='ltr'>laboris.</span> 
     </span>
    </p>

    <p class='ocr_par' dir='ltr' id='par_1_4' title="bbox 234 849 1781 935">
     <span class='ocr_line' id='line_1_4' title="bbox 234 849 1781 935; baseline -0.002 -18"><span class='ocrx_word' id='word_1_19' title='bbox 234 860 373 918; x_wconf 83' lang='lat'>·57.</span> <span class='ocrx_word' id='word_1_20' title='bbox 423 852 613 933; x_wconf 74' lang='lat' dir='ltr'>Quae</span> <span class='ocrx_word' id='word_1_21' title='bbox 659 859 759 916; x_wconf 81' lang='lat' dir='ltr'>est</span> <span class='ocrx_word' id='word_1_22' title='bbox 801 850 1090 914; x_wconf 84' lang='lat' dir='ltr'>maxima</span> <span class='ocrx_word' id='word_1_23' title='bbox 1135 850 1436 935; x_wconf 77' lang='lat' dir='ltr'>egestas?</span> <span class='ocrx_word' id='word_1_24' title='bbox 1481 849 1781 914; x_wconf 86' lang='lat' dir='ltr'>avaritia.</span> 
     </span>
    </p>

    <p class='ocr_par' dir='ltr' id='par_1_5' title="bbox 272 951 1926 1038">
     <span class='ocr_line' id='line_1_5' title="bbox 272 951 1926 1038; baseline -0.004 -18"><span class='ocrx_word' id='word_1_25' title='bbox 272 962 372 1020; x_wconf 95' lang='grc'>58.</span> <span class='ocrx_word' id='word_1_26' title='bbox 420 954 745 1017; x_wconf 79' lang='lat' dir='ltr'>Pecuniae</span> <span class='ocrx_word' id='word_1_27' title='bbox 790 953 1113 1038; x_wconf 86' lang='lat' dir='ltr'>imperare</span> <span class='ocrx_word' id='word_1_28' title='bbox 1158 960 1434 1037; x_wconf 82' lang='lat' dir='ltr'>oportet,</span> <span class='ocrx_word' id='word_1_29' title='bbox 1481 973 1613 1015; x_wconf 92' lang='lat' dir='ltr'>non</span> <span class='ocrx_word' id='word_1_30' title='bbox 1656 951 1926 1015; x_wconf 89' lang='lat' dir='ltr'>servire.</span> 
     </span>
    </p>

    <p class='ocr_par' dir='ltr' id='par_1_6' title="bbox 270 1051 2580 1344">
     <span class='ocr_line' id='line_1_6' title="bbox 270 1051 2580 1140; baseline -0.003 -19"><span class='ocrx_word' id='word_1_31' title='bbox 270 1063 369 1121; x_wconf 88' lang='grc'>59.</span> <span class='ocrx_word' id='word_1_32' title='bbox 413 1052 686 1120; x_wconf 90' lang='lat' dir='ltr'>Nullum</span> <span class='ocrx_word' id='word_1_33' title='bbox 750 1053 959 1138; x_wconf 85' lang='lat' dir='ltr'>magis</span> <span class='ocrx_word' id='word_1_34' title='bbox 1025 1053 1356 1118; x_wconf 88' lang='lat' dir='ltr'>conscium</span> <span class='ocrx_word' id='word_1_35' title='bbox 1422 1061 1840 1140; x_wconf 84' lang='lat' dir='ltr'>peccatorum</span> <span class='ocrx_word' id='word_1_36' title='bbox 1901 1060 2160 1117; x_wconf 81' lang='lat' dir='ltr'>tuorum</span> <span class='ocrx_word' id='word_1_37' title='bbox 2220 1051 2516 1116; x_wconf 84' lang='lat' dir='ltr'>timueris</span> <span class='ocrx_word' id='word_1_38' title='bbox 2560 1101 2580 1114; x_wconf 71' lang='lat'>.</span> 
     </span>
     <span class='ocr_line' id='line_1_7' title="bbox 421 1153 2521 1243; baseline -0.002 -22"><span class='ocrx_word' id='word_1_39' title='bbox 421 1178 614 1243; x_wconf 85' lang='lat' dir='ltr'>quam</span> <span class='ocrx_word' id='word_1_40' title='bbox 657 1163 860 1223; x_wconf 84' lang='lat' dir='ltr'>temet</span> <span class='ocrx_word' id='word_1_41' title='bbox 902 1156 1152 1240; x_wconf 82' lang='lat' dir='ltr'>ipsum3</span> <span class='ocrx_word' id='word_1_42' title='bbox 1210 1153 1372 1219; x_wconf 88' lang='lat' dir='ltr'>alios</span> <span class='ocrx_word' id='word_1_43' title='bbox 1419 1155 1591 1219; x_wconf 91' lang='lat' dir='ltr'>enim</span> <span class='ocrx_word' id='word_1_44' title='bbox 1635 1162 1821 1240; x_wconf 86' lang='lat' dir='ltr'>potes</span> <span class='ocrx_word' id='word_1_45' title='bbox 1868 1154 2184 1239; x_wconf 83' lang='lat' dir='ltr'>effugere,</span> <span class='ocrx_word' id='word_1_46' title='bbox 2229 1161 2297 1218; x_wconf 89' lang='lat' dir='ltr'>te</span> <span class='ocrx_word' id='word_1_47' title='bbox 2339 1175 2521 1217; x_wconf 91' lang='lat' dir='ltr'>num-</span> 
     </span>
     <span class='ocr_line' id='line_1_8' title="bbox 423 1279 639 1344; baseline -0.019 -21"><span class='ocrx_word' id='word_1_48' title='bbox 423 1279 639 1344; x_wconf 91' lang='lat' dir='ltr'>quam.</span> 
     </span>
    </p>

    <p class='ocr_par' dir='ltr' id='par_1_7' title="bbox 274 1354 2056 1444">
     <span class='ocr_line' id='line_1_9' title="bbox 274 1354 2056 1444; baseline -0.003 -18"><span class='ocrx_word' id='word_1_49' title='bbox 274 1368 372 1426; x_wconf 88' lang='grc'>60.</span> <span class='ocrx_word' id='word_1_50' title='bbox 417 1359 586 1441; x_wconf 76' lang='lat' dir='ltr'>Quis</span> <span class='ocrx_word' id='word_1_51' title='bbox 633 1368 736 1423; x_wconf 86' lang='lat' dir='ltr'>est</span> <span class='ocrx_word' id='word_1_52' title='bbox 777 1356 1074 1444; x_wconf 77' lang='lat' dir='ltr'>pauper?</span> <span class='ocrx_word' id='word_1_53' title='bbox 1122 1356 1258 1437; x_wconf 80' lang='lat' dir='ltr'>Qui</span> <span class='ocrx_word' id='word_1_54' title='bbox 1304 1357 1447 1423; x_wconf 82' lang='lat' dir='ltr'>sibi</span> <span class='ocrx_word' id='word_1_55' title='bbox 1480 1356 1728 1443; x_wconf 85' lang='lat' dir='ltr'>(dives)</span> <span class='ocrx_word' id='word_1_56' title='bbox 1774 1354 2056 1421; x_wconf 84' lang='lat' dir='ltr'>videtur.</span> 
     </span>
    </p>

    <p class='ocr_par' dir='ltr' id='par_1_8' title="bbox 274 1457 1773 1542">
     <span class='ocr_line' id='line_1_10' title="bbox 274 1457 1773 1542; baseline -0.003 -16"><span class='ocrx_word' id='word_1_57' title='bbox 274 1469 373 1527; x_wconf 90' lang='grc'>61.</span> <span class='ocrx_word' id='word_1_58' title='bbox 419 1459 554 1541; x_wconf 75' lang='lat' dir='ltr'>Qui</span> <span class='ocrx_word' id='word_1_59' title='bbox 599 1482 638 1525; x_wconf 90' lang='lat' dir='ltr'>a</span> <span class='ocrx_word' id='word_1_60' title='bbox 682 1458 905 1524; x_wconf 88' lang='lat' dir='ltr'>multis</span> <span class='ocrx_word' id='word_1_61' title='bbox 951 1458 1237 1542; x_wconf 86' lang='lat' dir='ltr'>timetur,</span> <span class='ocrx_word' id='word_1_62' title='bbox 1283 1457 1518 1524; x_wconf 79' lang='lat' dir='ltr'>multos</span> <span class='ocrx_word' id='word_1_63' title='bbox 1562 1458 1773 1523; x_wconf 86' lang='lat' dir='ltr'>timet.</span> 
     </span>
    </p>

    <p class='ocr_par' dir='ltr' id='par_1_9' title="bbox 273 1559 1938 1646">
     <span class='ocr_line' id='line_1_11' title="bbox 273 1559 1938 1646; baseline -0.004 -18"><span class='ocrx_word' id='word_1_64' title='bbox 273 1571 374 1628; x_wconf 89' lang='grc'>62.</span> <span class='ocrx_word' id='word_1_65' title='bbox 421 1562 886 1627; x_wconf 83' lang='lat' dir='ltr'>Infelicitatem</span> <span class='ocrx_word' id='word_1_66' title='bbox 932 1561 1132 1646; x_wconf 86' lang='lat' dir='ltr'>erige,</span> <span class='ocrx_word' id='word_1_67' title='bbox 1178 1559 1560 1625; x_wconf 84' lang='lat' dir='ltr'>felicitatem</span> <span class='ocrx_word' id='word_1_68' title='bbox 1605 1560 1938 1625; x_wconf 85' lang='lat' dir='ltr'>submitte.</span> 
     </span>
    </p>

    <p class='ocr_par' dir='ltr' id='par_1_10' title="bbox 276 1659 1680 1731">
     <span class='ocr_line' id='line_1_12' title="bbox 276 1659 1680 1731; baseline -0.002 -1"><span class='ocrx_word' id='word_1_69' title='bbox 276 1672 376 1731; x_wconf 86' lang='lat'>63.</span> <span class='ocrx_word' id='word_1_70' title='bbox 421 1663 734 1728; x_wconf 83' lang='lat' dir='ltr'>Felicitas</span> <span class='ocrx_word' id='word_1_71' title='bbox 780 1659 1033 1726; x_wconf 88' lang='lat' dir='ltr'>infelici</span> <span class='ocrx_word' id='word_1_72' title='bbox 1077 1662 1617 1730; x_wconf 71' lang='lat' dir='ltr'>innocentiae-est.</span> <span class='ocrx_word' id='word_1_73' title='bbox 1675 1717 1680 1720; x_wconf 59' lang='grc'><strong>,</strong></span> 
     </span>
    </p>

    <p class='ocr_par' dir='ltr' id='par_1_11' title="bbox 277 1764 1481 1852">
     <span class='ocr_line' id='line_1_13' title="bbox 277 1764 1481 1852; baseline -0.003 -20"><span class='ocrx_word' id='word_1_74' title='bbox 277 1772 375 1833; x_wconf 90' lang='grc'>64.</span> <span class='ocrx_word' id='word_1_75' title='bbox 418 1765 730 1852; x_wconf 86' lang='lat' dir='ltr'>Nequitia</span> <span class='ocrx_word' id='word_1_76' title='bbox 773 1765 918 1851; x_wconf 88' lang='lat' dir='ltr'>ipsa</span> <span class='ocrx_word' id='word_1_77' title='bbox 964 1771 1064 1828; x_wconf 86' lang='lat' dir='ltr'>est</span> <span class='ocrx_word' id='word_1_78' title='bbox 1106 1784 1316 1850; x_wconf 88' lang='lat' dir='ltr'>poena</span> <span class='ocrx_word' id='word_1_79' title='bbox 1359 1764 1481 1828; x_wconf 83' lang='lat' dir='ltr'>sui.</span> 
     </span>
    </p>

    <p class='ocr_par' dir='ltr' id='par_1_12' title="bbox 279 1857 2331 1952">
     <span class='ocr_line' id='line_1_14' title="bbox 279 1857 2331 1952; baseline -0.002 -19"><span class='ocrx_word' id='word_1_80' title='bbox 279 1873 379 1933; x_wconf 90' lang='grc'>65.</span> <span class='ocrx_word' id='word_1_81' title='bbox 425 1866 603 1934; x_wconf 88' lang='lat' dir='ltr'>Mala</span> <span class='ocrx_word' id='word_1_82' title='bbox 646 1857 1046 1931; x_wconf 81' lang='lat' dir='ltr'>conscientia</span> <span class='ocrx_word' id='word_1_83' title='bbox 1091 1886 1285 1952; x_wconf 90' lang='lat' dir='ltr'>saepe</span> <span class='ocrx_word' id='word_1_84' title='bbox 1330 1868 1472 1930; x_wconf 82' lang='lat' dir='ltr'>tuta</span> <span class='ocrx_word' id='word_1_85' title='bbox 1517 1874 1639 1947; x_wconf 85' lang='lat' dir='ltr'>est,</span> <span class='ocrx_word' id='word_1_86' title='bbox 1685 1885 1914 1929; x_wconf 87' lang='lat' dir='ltr'>secura</span> <span class='ocrx_word' id='word_1_87' title='bbox 1956 1886 2331 1952; x_wconf 88' lang='lat' dir='ltr'>numquam.</span> 
     </span>
    </p>

    <p class='ocr_par' dir='ltr' id='par_1_13' title="bbox 278 1965 2283 2051">
     <span class='ocr_line' id='line_1_15' title="bbox 278 1965 2283 2051; baseline -0.003 -16"><span class='ocrx_word' id='word_1_88' title='bbox 278 1977 376 2035; x_wconf 93' lang='grc'>66.</span> <span class='ocrx_word' id='word_1_89' title='bbox 423 1967 757 2033; x_wconf 90' lang='lat' dir='ltr'>Libidinis</span> <span class='ocrx_word' id='word_1_90' title='bbox 800 1967 993 2031; x_wconf 81' lang='lat' dir='ltr'>initia</span> <span class='ocrx_word' id='word_1_91' title='bbox 1036 1965 1425 2049; x_wconf 59' lang='lat' dir='ltr'>continebis„</span> <span class='ocrx_word' id='word_1_92' title='bbox 1474 1968 1530 2032; x_wconf 87' lang='lat' dir='ltr'>si</span> <span class='ocrx_word' id='word_1_93' title='bbox 1577 1968 1825 2032; x_wconf 83' lang='lat' dir='ltr'>exitum</span> <span class='ocrx_word' id='word_1_94' title='bbox 1872 1968 2283 2051; x_wconf 73' lang='lat' dir='ltr'>cogitaveris</span> 
     </span>
    </p>

    <p class='ocr_par' dir='ltr' id='par_1_14' title="bbox 279 2065 2523 2238">
     <span class='ocr_line' id='line_1_16' title="bbox 279 2065 2523 2156; baseline -0.002 -20"><span class='ocrx_word' id='word_1_95' title='bbox 279 2079 379 2137; x_wconf 87' lang='grc'>67.</span> <span class='ocrx_word' id='word_1_96' title='bbox 425 2069 740 2135; x_wconf 89' lang='lat' dir='ltr'>Beneficii</span> <span class='ocrx_word' id='word_1_97' title='bbox 794 2069 1050 2155; x_wconf 86' lang='lat' dir='ltr'>accepti</span> <span class='ocrx_word' id='word_1_98' title='bbox 1093 2089 1444 2155; x_wconf 89' lang='lat' dir='ltr'>numquam</span> <span class='ocrx_word' id='word_1_99' title='bbox 1494 2065 1753 2156; x_wconf 82' lang='lat' dir='ltr'>oportet</span> <span class='ocrx_word' id='word_1_100' title='bbox 1796 2067 2138 2152; x_wconf 83' lang='lat' dir='ltr'>oblivisci,</span> <span class='ocrx_word' id='word_1_101' title='bbox 2196 2067 2334 2132; x_wconf 86' lang='lat' dir='ltr'>dati</span> <span class='ocrx_word' id='word_1_102' title='bbox 2378 2089 2523 2155; x_wconf 89' lang='lat' dir='ltr'>pro-</span> 
     </span>
     <span class='ocr_line' id='line_1_17' title="bbox 426 2173 622 2238; baseline -0.01 0"><span class='ocrx_word' id='word_1_103' title='bbox 426 2173 622 2238; x_wconf 77' lang='lat' dir='ltr'>tinus,</span> 
     </span>
    </p>
   </div>
   <div class='ocr_carea' id='block_1_3' title="bbox 230 2312 637 2324">
    <p class='ocr_par' dir='ltr' id='par_1_15' title="bbox 230 2312 637 2324">
     <span class='ocr_line' id='line_1_18' title="bbox 230 2312 637 2324; baseline 0 2860"><span class='ocrx_word' id='word_1_104' title='bbox 230 2312 637 2324; x_wconf 95' lang='lat' dir='ltr'> </span> 
     </span>
    </p>
   </div>
   <div class='ocr_carea' id='block_1_4' title="bbox 232 2396 2526 3155">
    <p class='ocr_par' dir='ltr' id='par_1_16' title="bbox 232 2396 2524 3155">
     <span class='ocr_line' id='line_1_19' title="bbox 237 2396 2523 2473; baseline -0 -18"><span class='ocrx_word' id='word_1_105' title='bbox 237 2401 351 2457; x_wconf 86' lang='lat' dir='ltr'>vult</span> <span class='ocrx_word' id='word_1_106' title='bbox 381 2396 547 2473; x_wconf 75' lang='lat' dir='ltr'>(hoec</span> <span class='ocrx_word' id='word_1_107' title='bbox 577 2402 688 2457; x_wconf 82' lang='lat' dir='ltr'>duo</span> <span class='ocrx_word' id='word_1_108' title='bbox 720 2398 895 2456; x_wconf 86' lang='lat' dir='ltr'>verba</span> <span class='ocrx_word' id='word_1_109' title='bbox 929 2404 1213 2470; x_wconf 77' lang='lat' dir='ltr'>corrupta</span> <span class='ocrx_word' id='word_1_110' title='bbox 1244 2414 1323 2455; x_wconf 82' lang='lat' dir='ltr'>ex</span> <span class='ocrx_word' id='word_1_111' title='bbox 1346 2396 1381 2468; x_wconf 69' lang='lat' dir='ltr'>S</span> <span class='ocrx_word' id='word_1_112' title='bbox 1409 2396 1511 2470; x_wconf 84' lang='lat'>53)</span> <span class='ocrx_word' id='word_1_113' title='bbox 1538 2397 1829 2454; x_wconf 87' lang='lat' dir='ltr'>ostendere</span> <span class='ocrx_word' id='word_1_114' title='bbox 1855 2398 1957 2470; x_wconf 84' lang='lat' dir='ltr'>Gb‚</span> <span class='ocrx_word' id='word_1_115' title='bbox 1985 2398 2070 2456; x_wconf 84' lang='lat' dir='ltr'>Ga</span> <span class='ocrx_word' id='word_1_116' title='bbox 2093 2413 2208 2455; x_wconf 89' lang='lat' dir='ltr'>sec.</span> <span class='ocrx_word' id='word_1_117' title='bbox 2232 2415 2325 2462; x_wconf 89' lang='lat' dir='ltr'>m.,·</span> <span class='ocrx_word' id='word_1_118' title='bbox 2355 2414 2523 2471; x_wconf 81' lang='lat' dir='ltr'>agno-</span> 
     </span>
     <span class='ocr_line' id='line_1_20' title="bbox 234 2481 2522 2559; baseline -0.002 -17"><span class='ocrx_word' id='word_1_119' title='bbox 234 2488 319 2542; x_wconf 87' lang='lat' dir='ltr'>sci</span> <span class='ocrx_word' id='word_1_120' title='bbox 352 2494 490 2542; x_wconf 84' lang='lat' dir='ltr'>amat</span> <span class='ocrx_word' id='word_1_121' title='bbox 520 2487 614 2559; x_wconf 89' lang='lat' dir='ltr'>qui</span> <span class='ocrx_word' id='word_1_122' title='bbox 645 2483 759 2541; x_wconf 87' lang='lat' dir='ltr'>odit</span> <span class='ocrx_word' id='word_1_123' title='bbox 801 2482 1039 2540; x_wconf 78' lang='lat' dir='ltr'>ostendit</span> <span class='ocrx_word' id='word_1_124' title='bbox 1080 2484 1372 2539; x_wconf 86' lang='lat' dir='ltr'>honestum</span> <span class='ocrx_word' id='word_1_125' title='bbox 1404 2490 1488 2538; x_wconf 87' lang='lat' dir='ltr'>est</span> <span class='ocrx_word' id='word_1_126' title='bbox 1519 2484 1680 2540; x_wconf 91' lang='lat' dir='ltr'>codd.</span> <span class='ocrx_word' id='word_1_127' title='bbox 1708 2481 1842 2555; x_wconf 82' lang='lat' dir='ltr'>fere</span> <span class='ocrx_word' id='word_1_128' title='bbox 1871 2498 2027 2540; x_wconf 86' lang='lat' dir='ltr'>rece.</span> <span class='ocrx_word' id='word_1_129' title='bbox 2093 2527 2098 2530; x_wconf 54' lang='grc'>,</span> <span class='ocrx_word' id='word_1_130' title='bbox 2203 2481 2283 2539; x_wconf 91' lang='grc'>56</span> <span class='ocrx_word' id='word_1_131' title='bbox 2328 2482 2522 2538; x_wconf 82' lang='lat' dir='ltr'>Parti-</span> 
     </span>
     <span class='ocr_line' id='line_1_21' title="bbox 236 2565 2523 2642; baseline -0.002 -15"><span class='ocrx_word' id='word_1_132' title='bbox 236 2574 370 2627; x_wconf 82' lang='lat' dir='ltr'>cula</span> <span class='ocrx_word' id='word_1_133' title='bbox 402 2578 457 2626; x_wconf 87' lang='lat' dir='ltr'>et</span> <span class='ocrx_word' id='word_1_134' title='bbox 486 2571 789 2639; x_wconf 81' lang='lat' dir='ltr'>redundat,</span> <span class='ocrx_word' id='word_1_135' title='bbox 824 2587 940 2642; x_wconf 80' lang='lat' dir='ltr'>qua</span> <span class='ocrx_word' id='word_1_136' title='bbox 973 2570 1042 2624; x_wconf 93' lang='lat' dir='ltr'>de</span> <span class='ocrx_word' id='word_1_137' title='bbox 1073 2583 1139 2623; x_wconf 87' lang='lat' dir='ltr'>re</span> <span class='ocrx_word' id='word_1_138' title='bbox 1168 2567 1250 2640; x_wconf 86' lang='lat' dir='ltr'>cf.</span> <span class='ocrx_word' id='word_1_139' title='bbox 1286 2569 1364 2625; x_wconf 86' lang='lat' dir='ltr'>ad</span> <span class='ocrx_word' id='word_1_140' title='bbox 1392 2565 1427 2638; x_wconf 75' lang='lat' dir='ltr'>S</span> <span class='ocrx_word' id='word_1_141' title='bbox 1463 2567 1560 2626; x_wconf 90' lang='lat'>10.</span> <span class='ocrx_word' id='word_1_142' title='bbox 1651 2567 1887 2624; x_wconf 74' lang='lat' dir='ltr'>Pubmii</span> <span class='ocrx_word' id='word_1_143' title='bbox 1922 2569 2173 2625; x_wconf 84' lang='lat' dir='ltr'>editores</span> <span class='ocrx_word' id='word_1_144' title='bbox 2200 2568 2353 2623; x_wconf 74' lang='lat' dir='ltr'>bunc</span> <span class='ocrx_word' id='word_1_145' title='bbox 2383 2569 2523 2640; x_wconf 88' lang='lat' dir='ltr'>effe-</span> 
     </span>
     <span class='ocr_line' id='line_1_22' title="bbox 238 2650 2523 2727; baseline -0.002 -14"><span class='ocrx_word' id='word_1_146' title='bbox 238 2662 442 2713; x_wconf 84' lang='lat' dir='ltr'>cerunt</span> <span class='ocrx_word' id='word_1_147' title='bbox 473 2659 800 2712; x_wconf 83' lang='lat' dir='ltr'>senarium.-</span> <span class='ocrx_word' id='word_1_148' title='bbox 844 2651 918 2707; x_wconf 85' lang='lat' dir='ltr'>Ex</span> <span class='ocrx_word' id='word_1_149' title='bbox 947 2653 1169 2726; x_wconf 89' lang='lat' dir='ltr'>praemii</span> <span class='ocrx_word' id='word_1_150' title='bbox 1200 2651 1360 2727; x_wconf 92' lang='lat' dir='ltr'>spel.</span> <span class='ocrx_word' id='word_1_151' title='bbox 1394 2650 1455 2708; x_wconf 83' lang='lat' dir='ltr'>fit</span> <span class='ocrx_word' id='word_1_152' title='bbox 1487 2671 1530 2709; x_wconf 91' lang='lat' dir='ltr'>s.</span> <span class='ocrx_word' id='word_1_153' title='bbox 1586 2668 1591 2674; x_wconf 79' lang='grc'>’</span> <span class='ocrx_word' id='word_1_154' title='bbox 1699 2650 1776 2708; x_wconf 87' lang='grc'>57</span> <span class='ocrx_word' id='word_1_155' title='bbox 1828 2651 1916 2726; x_wconf 81' lang='lat' dir='ltr'>Cf.</span> <span class='ocrx_word' id='word_1_156' title='bbox 1948 2652 2115 2709; x_wconf 86' lang='lat' dir='ltr'>Publ</span> <span class='ocrx_word' id='word_1_157' title='bbox 2152 2654 2283 2726; x_wconf 77' lang='lat' dir='ltr'>Syr.</span> <span class='ocrx_word' id='word_1_158' title='bbox 2318 2670 2367 2710; x_wconf 89' lang='grc' dir='ltr'><strong>ν.</strong></span> <span class='ocrx_word' id='word_1_159' title='bbox 2402 2651 2523 2709; x_wconf 92' lang='grc'>236</span> 
     </span>
     <span class='ocr_line' id='line_1_23' title="bbox 405 2737 2522 2831; baseline -0.003 -34"><span class='ocrx_word' id='word_1_160' title='bbox 405 2739 484 2797; x_wconf 87' lang='grc'>58</span> <span class='ocrx_word' id='word_1_161' title='bbox 535 2740 626 2812; x_wconf 82' lang='lat' dir='ltr'>Cf.</span> <span class='ocrx_word' id='word_1_162' title='bbox 667 2740 832 2795; x_wconf 86' lang='lat' dir='ltr'>Publ.</span> <span class='ocrx_word' id='word_1_163' title='bbox 877 2737 1009 2811; x_wconf 78' lang='lat' dir='ltr'>Syr.</span> <span class='ocrx_word' id='word_1_164' title='bbox 1056 2756 1105 2793; x_wconf 84' lang='grc' dir='ltr'><strong>ν.</strong></span> <span class='ocrx_word' id='word_1_165' title='bbox 1152 2737 1230 2794; x_wconf 88' lang='grc'><strong>73</strong></span> <span class='ocrx_word' id='word_1_166' title='bbox 1404 2737 1483 2831; x_wconf 83' lang='lat'>59</span> <span class='ocrx_word' id='word_1_167' title='bbox 1528 2738 1686 2794; x_wconf 85' lang='lat' dir='ltr'>Plut.</span> <span class='ocrx_word' id='word_1_168' title='bbox 1729 2738 2003 2809; x_wconf 76' lang='lat' dir='ltr'>apopbtb.</span> <span class='ocrx_word' id='word_1_169' title='bbox 2050 2737 2281 2794; x_wconf 82' lang='lat' dir='ltr'>Catonis</span> <span class='ocrx_word' id='word_1_170' title='bbox 2320 2740 2451 2793; x_wconf 84' lang='lat' dir='ltr'>mai.</span> <span class='ocrx_word' id='word_1_171' title='bbox 2486 2737 2522 2792; x_wconf 89' lang='lat'>9</span> 
     </span>
     <span class='ocr_line' id='line_1_24' title="bbox 235 2808 2525 2899; baseline -0.003 -19"><span class='ocrx_word' id='word_1_172' title='bbox 235 2814 483 2899; x_wconf 73' lang='grc' dir='ltr'>μάλιστα</span> <span class='ocrx_word' id='word_1_173' title='bbox 537 2814 767 2897; x_wconf 77' lang='grc' dir='ltr'>ἐνόμιζε</span> <span class='ocrx_word' id='word_1_174' title='bbox 820 2816 946 2877; x_wconf 79' lang='grc' dir='ltr'><em>δεῖν</em></span> <span class='ocrx_word' id='word_1_175' title='bbox 993 2815 1243 2876; x_wconf 78' lang='grc' dir='ltr'><em>ἕκαστον</em></span> <span class='ocrx_word' id='word_1_176' title='bbox 1287 2808 1471 2876; x_wconf 74' lang='grc' dir='ltr'><em>αὐτὸν</em></span> <span class='ocrx_word' id='word_1_177' title='bbox 1512 2816 1843 2878; x_wconf 78' lang='grc' dir='ltr'>αἰδεῖσθαι·</span> <span class='ocrx_word' id='word_1_178' title='bbox 1892 2815 2119 2894; x_wconf 79' lang='grc' dir='ltr'><em>μηδένα</em></span> <span class='ocrx_word' id='word_1_179' title='bbox 2156 2808 2271 2896; x_wconf 74' lang='grc' dir='ltr'>γὰρ</span> <span class='ocrx_word' id='word_1_180' title='bbox 2314 2814 2525 2877; x_wconf 78' lang='grc' dir='ltr'><em>ἑαυτοῦ</em></span> 
     </span>
     <span class='ocr_line' id='line_1_25' title="bbox 234 2897 2523 2983; baseline -0.001 -18.938"><span class='ocrx_word' id='word_1_181' title='bbox 234 2904 524 2982; x_wconf 77' lang='grc' dir='ltr'><strong><em>μηδέποτε</em></strong></span> <span class='ocrx_word' id='word_1_182' title='bbox 568 2901 746 2983; x_wconf 80' lang='grc' dir='ltr'><strong><em>χωρὶς</em></strong></span> <span class='ocrx_word' id='word_1_183' title='bbox 789 2897 975 2977; x_wconf 80' lang='grc' dir='ltr'>εἶναι,</span> <span class='ocrx_word' id='word_1_184' title='bbox 1021 2913 1076 2963; x_wconf 86' lang='lat' dir='ltr'>et</span> <span class='ocrx_word' id='word_1_185' title='bbox 1116 2907 1284 2979; x_wconf 80' lang='lat' dir='ltr'>infra</span> <span class='ocrx_word' id='word_1_186' title='bbox 1328 2906 1365 2977; x_wconf 70' lang='lat' dir='ltr'>S</span> <span class='ocrx_word' id='word_1_187' title='bbox 1400 2906 1536 2965; x_wconf 91' lang='grc'><strong>108.</strong></span> <span class='ocrx_word' id='word_1_188' title='bbox 1569 2908 1782 2965; x_wconf 83' lang='lat' dir='ltr'>Auson.</span> <span class='ocrx_word' id='word_1_189' title='bbox 1833 2906 1953 2963; x_wconf 83' lang='lat' dir='ltr'>VII</span> <span class='ocrx_word' id='word_1_190' title='bbox 1978 2908 2119 2980; x_wconf 83' lang='lat' dir='ltr'>Sap.</span> <span class='ocrx_word' id='word_1_191' title='bbox 2156 2907 2214 2978; x_wconf 84' lang='lat'>7,</span> <span class='ocrx_word' id='word_1_192' title='bbox 2249 2907 2317 2983; x_wconf 85' lang='lat'>1,</span> <span class='ocrx_word' id='word_1_193' title='bbox 2355 2906 2523 2965; x_wconf 83' lang='lat' dir='ltr'>Gaec.</span> 
     </span>
     <span class='ocr_line' id='line_1_26' title="bbox 235 2984 2524 3087; baseline -0.003 -37"><span class='ocrx_word' id='word_1_194' title='bbox 235 2995 409 3052; x_wconf 84' lang='lat' dir='ltr'>Balb.</span> <span class='ocrx_word' id='word_1_195' title='bbox 441 2995 637 3052; x_wconf 85' lang='lat' dir='ltr'>Poris.</span> <span class='ocrx_word' id='word_1_196' title='bbox 673 2991 773 3065; x_wconf 84' lang='lat'>65,</span> <span class='ocrx_word' id='word_1_197' title='bbox 807 3009 908 3067; x_wconf 73' lang='lat' dir='ltr'>pq.</span> <span class='ocrx_word' id='word_1_198' title='bbox 940 2989 1263 3063; x_wconf 80' lang='lat' dir='ltr'>42,1socr.</span> <span class='ocrx_word' id='word_1_199' title='bbox 1310 2992 1654 3050; x_wconf 82' lang='lat' dir='ltr'>adDemon.</span> <span class='ocrx_word' id='word_1_200' title='bbox 1689 2993 1757 3051; x_wconf 90' lang='lat'>9.-</span> <span class='ocrx_word' id='word_1_201' title='bbox 1816 2986 2128 3087; x_wconf 78' lang='grc' dir='ltr'><strong><em>Μηδέποτε</em></strong></span> <span class='ocrx_word' id='word_1_202' title='bbox 2172 2984 2357 3064; x_wconf 79' lang='grc' dir='ltr'><em>μηδὲν</em></span> <span class='ocrx_word' id='word_1_203' title='bbox 2396 2985 2524 3044; x_wconf 84' lang='grc' dir='ltr'><em>αἰσ-</em></span> 
     </span>
     <span class='ocr_line' id='line_1_27' title="bbox 232 3064 2526 3155; baseline -0.002 -20"><span class='ocrx_word' id='word_1_204' title='bbox 232 3066 380 3155; x_wconf 78' lang='grc' dir='ltr'><em>χρὸν</em></span> <span class='ocrx_word' id='word_1_205' title='bbox 419 3068 673 3151; x_wconf 83' lang='grc' dir='ltr'><strong><em>ποιήσας</em></strong></span> <span class='ocrx_word' id='word_1_206' title='bbox 715 3071 908 3143; x_wconf 78' lang='grc' dir='ltr'><strong><em>ἔλπιζε</em></strong></span> <span class='ocrx_word' id='word_1_207' title='bbox 953 3068 1170 3148; x_wconf 74' lang='grc' dir='ltr'><strong>λήσειν.</strong></span> <span class='ocrx_word' id='word_1_208' title='bbox 1245 3068 1346 3132; x_wconf 81' lang='grc' dir='ltr'>καὶ</span> <span class='ocrx_word' id='word_1_209' title='bbox 1390 3064 1504 3151; x_wconf 79' lang='grc' dir='ltr'>γὰρ</span> <span class='ocrx_word' id='word_1_210' title='bbox 1533 3065 1610 3131; x_wconf 65' lang='grc' dir='ltr'>ἂν</span> <span class='ocrx_word' id='word_1_211' title='bbox 1641 3093 1777 3144; x_wconf 86' lang='grc' dir='ltr'><strong><em>τους</em></strong></span> <span class='ocrx_word' id='word_1_212' title='bbox 1806 3064 2021 3144; x_wconf 70' lang='grc' dir='ltr'><em>ἄλλους</em></span> <span class='ocrx_word' id='word_1_213' title='bbox 2043 3068 2281 3154; x_wconf 76' lang='grc' dir='ltr'><strong>λάθῃς,</strong></span> <span class='ocrx_word' id='word_1_214' title='bbox 2322 3071 2526 3152; x_wconf 76' lang='grc' dir='ltr'><strong><em>σαυτῷ</em></strong></span> 
     </span>
    </p>
   </div>
   <div class='ocr_carea' id='block_1_5' title="bbox 231 3159 2526 3407">
    <p class='ocr_par' dir='ltr' id='par_1_17' title="bbox 231 3159 2526 3407">
     <span class='ocr_line' id='line_1_28' title="bbox 231 3159 2521 3240; baseline -0 -22"><span class='ocrx_word' id='word_1_215' title='bbox 231 3180 299 3240; x_wconf 81' lang='grc' dir='ltr'>γε</span> <span class='ocrx_word' id='word_1_216' title='bbox 327 3159 715 3236; x_wconf 81' lang='grc' dir='ltr'>συνειδήσεις.</span> <span class='ocrx_word' id='word_1_217' title='bbox 880 3162 1089 3236; x_wconf 85' lang='lat' dir='ltr'>poteris</span> <span class='ocrx_word' id='word_1_218' title='bbox 1119 3162 1173 3218; x_wconf 95' lang='lat' dir='ltr'><em>P</em></span> <span class='ocrx_word' id='word_1_219' title='bbox 1343 3161 1424 3219; x_wconf 87' lang='lat'>60</span> <span class='ocrx_word' id='word_1_220' title='bbox 1467 3161 1615 3219; x_wconf 82' lang='lat' dir='ltr'>dives</span> <span class='ocrx_word' id='word_1_221' title='bbox 1650 3163 1753 3233; x_wconf 81' lang='lat' dir='ltr'>Gb,</span> <span class='ocrx_word' id='word_1_222' title='bbox 1785 3161 1985 3238; x_wconf 90' lang='lat' dir='ltr'>aliquid</span> <span class='ocrx_word' id='word_1_223' title='bbox 2020 3162 2106 3219; x_wconf 81' lang='lat' dir='ltr'>Ga</span> <span class='ocrx_word' id='word_1_224' title='bbox 2135 3180 2209 3217; x_wconf 90' lang='lat' dir='ltr'>m.</span> <span class='ocrx_word' id='word_1_225' title='bbox 2242 3177 2382 3232; x_wconf 61' lang='lat' dir='ltr'>sec„</span> <span class='ocrx_word' id='word_1_226' title='bbox 2414 3176 2521 3217; x_wconf 92' lang='lat' dir='ltr'>om.</span> 
     </span>
     <span class='ocr_line' id='line_1_29' title="bbox 233 3203 2526 3323; baseline -0.001 -18"><span class='ocrx_word' id='word_1_227' title='bbox 233 3253 363 3308; x_wconf 81' lang='lat' dir='ltr'>rell.</span> <span class='ocrx_word' id='word_1_228' title='bbox 453 3248 544 3323; x_wconf 81' lang='lat' dir='ltr'>Cf.</span> <span class='ocrx_word' id='word_1_229' title='bbox 577 3252 648 3306; x_wconf 91' lang='lat' dir='ltr'>de</span> <span class='ocrx_word' id='word_1_230' title='bbox 677 3248 888 3305; x_wconf 86' lang='lat' dir='ltr'>remed.</span> <span class='ocrx_word' id='word_1_231' title='bbox 919 3246 1062 3318; x_wconf 81' lang='lat' dir='ltr'>fort.</span> <span class='ocrx_word' id='word_1_232' title='bbox 1101 3246 1199 3317; x_wconf 88' lang='grc'>10,</span> <span class='ocrx_word' id='word_1_233' title='bbox 1236 3244 1322 3301; x_wconf 94' lang='grc'><strong>1</strong></span> <span class='ocrx_word' id='word_1_234' title='bbox 1329 3261 1535 3319; x_wconf 82' lang='lat' dir='ltr'>pauper</span> <span class='ocrx_word' id='word_1_235' title='bbox 1564 3262 1655 3319; x_wconf 60' lang='lat' dir='ltr'>es»,</span> <span class='ocrx_word' id='word_1_236' title='bbox 1698 3248 1821 3320; x_wconf 86' lang='lat' dir='ltr'>quia</span> <span class='ocrx_word' id='word_1_237' title='bbox 1852 3246 2095 3316; x_wconf 83' lang='lat' dir='ltr'>videris&#39;3</span> <span class='ocrx_word' id='word_1_238' title='bbox 2140 3247 2272 3302; x_wconf 83' lang='lat' dir='ltr'>ibid.</span> <span class='ocrx_word' id='word_1_239' title='bbox 2311 3203 2526 3318; x_wconf 79' lang='grc' dir='ltr'><strong>16,1Ο</strong></span> 
     </span>
     <span class='ocr_line' id='line_1_30' title="bbox 234 3288 2524 3407; baseline -0.002 -17.958"><span class='ocrx_word' id='word_1_240' title='bbox 234 3334 387 3390; x_wconf 76' lang='lat' dir='ltr'>‘felix</span> <span class='ocrx_word' id='word_1_241' title='bbox 416 3343 501 3391; x_wconf 87' lang='lat' dir='ltr'>est</span> <span class='ocrx_word' id='word_1_242' title='bbox 531 3352 644 3391; x_wconf 89' lang='lat' dir='ltr'>non</span> <span class='ocrx_word' id='word_1_243' title='bbox 676 3334 768 3407; x_wconf 90' lang='lat' dir='ltr'>qui</span> <span class='ocrx_word' id='word_1_244' title='bbox 799 3332 915 3388; x_wconf 85' lang='lat' dir='ltr'>aliis</span> <span class='ocrx_word' id='word_1_245' title='bbox 946 3330 1183 3402; x_wconf 81' lang='lat' dir='ltr'>videtur,</span> <span class='ocrx_word' id='word_1_246' title='bbox 1216 3329 1312 3387; x_wconf 90' lang='lat' dir='ltr'>sed</span> <span class='ocrx_word' id='word_1_247' title='bbox 1344 3331 1437 3406; x_wconf 90' lang='lat' dir='ltr'>qui</span> <span class='ocrx_word' id='word_1_248' title='bbox 1467 3329 1610 3387; x_wconf 89' lang='lat' dir='ltr'>sihi&#39;.</span> <span class='ocrx_word' id='word_1_249' title='bbox 1814 3332 1890 3389; x_wconf 90' lang='lat'>61</span> <span class='ocrx_word' id='word_1_250' title='bbox 1940 3332 2075 3389; x_wconf 84' lang='lat' dir='ltr'>Sen.</span> <span class='ocrx_word' id='word_1_251' title='bbox 2111 3335 2276 3404; x_wconf 81' lang='lat' dir='ltr'>epist.</span> <span class='ocrx_word' id='word_1_252' title='bbox 2312 3288 2453 3402; x_wconf 89' lang='grc'><strong>105,</strong></span> <span class='ocrx_word' id='word_1_253' title='bbox 2484 3329 2524 3384; x_wconf 98' lang='grc'>4</span> 
     </span>
    </p>
   </div>
   <div class='ocr_carea' id='block_1_6' title="bbox 228 3414 2526 4605">
    <p class='ocr_par' dir='ltr' id='par_1_18' title="bbox 228 3414 2526 4596">
     <span class='ocr_line' id='line_1_31' title="bbox 234 3414 2522 3509; baseline -0.002 -33.955"><span class='ocrx_word' id='word_1_254' title='bbox 234 3418 349 3492; x_wconf 75' lang='lat' dir='ltr'>‘qui</span> <span class='ocrx_word' id='word_1_255' title='bbox 380 3421 607 3475; x_wconf 82' lang='lat' dir='ltr'>timetur</span> <span class='ocrx_word' id='word_1_256' title='bbox 636 3415 813 3474; x_wconf 82' lang='lat' dir='ltr'>timet&#39;</span> <span class='ocrx_word' id='word_1_257' title='bbox 846 3425 900 3474; x_wconf 83' lang='lat' dir='ltr'>et</span> <span class='ocrx_word' id='word_1_258' title='bbox 929 3416 1097 3474; x_wconf 83' lang='lat' dir='ltr'>Publ.</span> <span class='ocrx_word' id='word_1_259' title='bbox 1113 3416 1268 3509; x_wconf 80' lang='lat' dir='ltr'>Syr.</span> <span class='ocrx_word' id='word_1_260' title='bbox 1303 3414 1424 3473; x_wconf 87' lang='grc'>338</span> <span class='ocrx_word' id='word_1_261' title='bbox 1612 3416 1689 3475; x_wconf 90' lang='grc'>62</span> <span class='ocrx_word' id='word_1_262' title='bbox 1724 3415 2045 3475; x_wconf 76' lang='lat' dir='ltr'>Cleobulus</span> <span class='ocrx_word' id='word_1_263' title='bbox 2073 3434 2172 3509; x_wconf 83' lang='lat' dir='ltr'>ap.</span> <span class='ocrx_word' id='word_1_264' title='bbox 2206 3416 2361 3472; x_wconf 89' lang='lat' dir='ltr'>Stob.</span> <span class='ocrx_word' id='word_1_265' title='bbox 2389 3417 2522 3489; x_wconf 82' lang='lat' dir='ltr'>flor.</span> 
     </span>
     <span class='ocr_line' id='line_1_32' title="bbox 234 3484 2523 3577; baseline -0.002 -17"><span class='ocrx_word' id='word_1_266' title='bbox 234 3504 296 3576; x_wconf 86' lang='lat'>3,</span> <span class='ocrx_word' id='word_1_267' title='bbox 321 3505 421 3577; x_wconf 87' lang='grc'>79,</span> <span class='ocrx_word' id='word_1_268' title='bbox 452 3523 521 3559; x_wconf 75' lang='lat' dir='ltr'>a:</span> <span class='ocrx_word' id='word_1_269' title='bbox 554 3490 955 3577; x_wconf 78' lang='grc' dir='ltr'><em>Εὖποροῦντα</em></span> <span class='ocrx_word' id='word_1_270' title='bbox 985 3490 1067 3574; x_wconf 77' lang='grc' dir='ltr'>μή</span> <span class='ocrx_word' id='word_1_271' title='bbox 1097 3484 1492 3574; x_wconf 77' lang='grc' dir='ltr'><em>ὑπερήφανον</em></span> <span class='ocrx_word' id='word_1_272' title='bbox 1522 3489 1762 3571; x_wconf 78' lang='grc' dir='ltr'>εἶναι,’</span> <span class='ocrx_word' id='word_1_273' title='bbox 1729 3497 2070 3572; x_wconf 78' lang='grc' dir='ltr'><em>αποροῦντα</em></span> <span class='ocrx_word' id='word_1_274' title='bbox 2100 3487 2181 3574; x_wconf 81' lang='grc' dir='ltr'>μὴ</span> <span class='ocrx_word' id='word_1_275' title='bbox 2215 3495 2523 3555; x_wconf 78' lang='grc' dir='ltr'>ταπεινοῦ-</span> 
     </span>
     <span class='ocr_line' id='line_1_33' title="bbox 231 3584 2526 3660; baseline -0.001 -18"><span class='ocrx_word' id='word_1_276' title='bbox 231 3589 395 3644; x_wconf 82' lang='grc' dir='ltr'><strong>σθαι.</strong></span> <span class='ocrx_word' id='word_1_277' title='bbox 574 3588 650 3646; x_wconf 89' lang='grc'>63</span> <span class='ocrx_word' id='word_1_278' title='bbox 698 3587 831 3645; x_wconf 85' lang='lat' dir='ltr'>Sen.</span> <span class='ocrx_word' id='word_1_279' title='bbox 878 3593 1137 3644; x_wconf 82' lang='lat' dir='ltr'>controv.</span> <span class='ocrx_word' id='word_1_280' title='bbox 1173 3586 1317 3657; x_wconf 89' lang='grc'><strong>187,</strong></span> <span class='ocrx_word' id='word_1_281' title='bbox 1351 3585 1429 3643; x_wconf 91' lang='grc'>26</span> <span class='ocrx_word' id='word_1_282' title='bbox 1463 3586 1577 3647; x_wconf 83' lang='lat' dir='ltr'>Bu</span> <span class='ocrx_word' id='word_1_283' title='bbox 1628 3584 1904 3659; x_wconf 78' lang='lat' dir='ltr'>‘magnum</span> <span class='ocrx_word' id='word_1_284' title='bbox 1933 3586 2257 3660; x_wconf 88' lang='lat' dir='ltr'>praesidium</span> <span class='ocrx_word' id='word_1_285' title='bbox 2298 3586 2353 3640; x_wconf 92' lang='lat' dir='ltr'>in</span> <span class='ocrx_word' id='word_1_286' title='bbox 2382 3585 2526 3658; x_wconf 89' lang='lat' dir='ltr'>peri-</span> 
     </span>
     <span class='ocr_line' id='line_1_34' title="bbox 233 3669 2520 3740; baseline -0.001 -12"><span class='ocrx_word' id='word_1_287' title='bbox 233 3674 367 3731; x_wconf 76' lang='lat' dir='ltr'>culis</span> <span class='ocrx_word' id='word_1_288' title='bbox 418 3673 752 3730; x_wconf 79' lang='lat' dir='ltr'>innocentia&#39;</span> <span class='ocrx_word' id='word_1_289' title='bbox 757 3713 770 3727; x_wconf 92' lang='lat'>.</span> <span class='ocrx_word' id='word_1_290' title='bbox 860 3672 1155 3729; x_wconf 77' lang='lat' dir='ltr'>Sententia</span> <span class='ocrx_word' id='word_1_291' title='bbox 1210 3676 1271 3728; x_wconf 80' lang='lat' dir='ltr'>in</span> <span class='ocrx_word' id='word_1_292' title='bbox 1311 3673 1473 3728; x_wconf 84' lang='lat' dir='ltr'>codd.</span> <span class='ocrx_word' id='word_1_293' title='bbox 1527 3673 1760 3727; x_wconf 82' lang='lat' dir='ltr'>mutila.-</span> <span class='ocrx_word' id='word_1_294' title='bbox 1822 3670 2055 3727; x_wconf 79' lang='lat' dir='ltr'>Infelicis</span> <span class='ocrx_word' id='word_1_295' title='bbox 2100 3670 2408 3727; x_wconf 85' lang='lat' dir='ltr'>innocentia</span> <span class='ocrx_word' id='word_1_296' title='bbox 2456 3669 2520 3740; x_wconf 83' lang='lat' dir='ltr'>G,</span> 
     </span>
     <span class='ocr_line' id='line_1_35' title="bbox 233 3755 2524 3821; baseline -0.002 -7"><span class='ocrx_word' id='word_1_297' title='bbox 233 3759 461 3816; x_wconf 81' lang='lat' dir='ltr'>felicitas</span> <span class='ocrx_word' id='word_1_298' title='bbox 513 3759 851 3814; x_wconf 78' lang='lat' dir='ltr'>innocentiae</span> <span class='ocrx_word' id='word_1_299' title='bbox 896 3758 939 3813; x_wconf 89' lang='lat' dir='ltr'><strong><em>S</em></strong></span> <span class='ocrx_word' id='word_1_300' title='bbox 949 3781 969 3821; x_wconf 90' lang='lat'>,·</span> <span class='ocrx_word' id='word_1_301' title='bbox 1034 3757 1157 3812; x_wconf 88' lang='lat' dir='ltr'>Veri</span> <span class='ocrx_word' id='word_1_302' title='bbox 1209 3756 1438 3812; x_wconf 80' lang='lat' dir='ltr'>felicitas</span> <span class='ocrx_word' id='word_1_303' title='bbox 1495 3755 1802 3812; x_wconf 85' lang='lat' dir='ltr'>innocentia</span> <span class='ocrx_word' id='word_1_304' title='bbox 1856 3761 1940 3812; x_wconf 90' lang='lat' dir='ltr'>est</span> <span class='ocrx_word' id='word_1_305' title='bbox 1992 3757 2153 3813; x_wconf 85' lang='lat' dir='ltr'>codd.</span> <span class='ocrx_word' id='word_1_306' title='bbox 2200 3770 2359 3813; x_wconf 88' lang='lat' dir='ltr'>recc.</span> <span class='ocrx_word' id='word_1_307' title='bbox 2402 3771 2524 3810; x_wconf 85' lang='lat' dir='ltr'>vera</span> 
     </span>
     <span class='ocr_line' id='line_1_36' title="bbox 233 3840 2525 3915; baseline -0.002 -16"><span class='ocrx_word' id='word_1_308' title='bbox 233 3846 388 3902; x_wconf 82' lang='lat' dir='ltr'>editt.</span> <span class='ocrx_word' id='word_1_309' title='bbox 567 3841 646 3899; x_wconf 89' lang='grc'>65</span> <span class='ocrx_word' id='word_1_310' title='bbox 692 3842 825 3898; x_wconf 86' lang='lat' dir='ltr'>Sen.</span> <span class='ocrx_word' id='word_1_311' title='bbox 859 3846 1023 3913; x_wconf 81' lang='lat' dir='ltr'>epist.</span> <span class='ocrx_word' id='word_1_312' title='bbox 1056 3840 1208 3914; x_wconf 90' lang='grc'><strong>105,</strong></span> <span class='ocrx_word' id='word_1_313' title='bbox 1241 3841 1279 3898; x_wconf 86' lang='grc'><strong>8</strong></span> <span class='ocrx_word' id='word_1_314' title='bbox 1324 3841 1545 3897; x_wconf 75' lang='lat' dir='ltr'>‘Tutum</span> <span class='ocrx_word' id='word_1_315' title='bbox 1589 3841 1765 3915; x_wconf 81' lang='lat' dir='ltr'>aliqua</span> <span class='ocrx_word' id='word_1_316' title='bbox 1808 3858 1896 3897; x_wconf 83' lang='lat' dir='ltr'>res</span> <span class='ocrx_word' id='word_1_317' title='bbox 1942 3842 1998 3896; x_wconf 91' lang='lat' dir='ltr'>in</span> <span class='ocrx_word' id='word_1_318' title='bbox 2028 3840 2165 3897; x_wconf 87' lang='lat' dir='ltr'>mala</span> <span class='ocrx_word' id='word_1_319' title='bbox 2196 3840 2525 3897; x_wconf 85' lang='lat' dir='ltr'>conscientia</span> 
     </span>
     <span class='ocr_line' id='line_1_37' title="bbox 232 3923 2524 4002; baseline -0.001 -20"><span class='ocrx_word' id='word_1_320' title='bbox 232 3936 490 4002; x_wconf 82' lang='lat' dir='ltr'>praestat,</span> <span class='ocrx_word' id='word_1_321' title='bbox 520 3927 669 3983; x_wconf 88' lang='lat' dir='ltr'>nulla</span> <span class='ocrx_word' id='word_1_322' title='bbox 700 3924 994 3984; x_wconf 86' lang='lat' dir='ltr'>securum&#39;.</span> <span class='ocrx_word' id='word_1_323' title='bbox 1032 3931 1197 3999; x_wconf 80' lang='lat' dir='ltr'>epist.</span> <span class='ocrx_word' id='word_1_324' title='bbox 1233 3926 1335 4000; x_wconf 93' lang='grc'>97,</span> <span class='ocrx_word' id='word_1_325' title='bbox 1365 3926 1440 3983; x_wconf 90' lang='grc'>13</span> <span class='ocrx_word' id='word_1_326' title='bbox 1474 3923 1634 3982; x_wconf 73' lang='lat' dir='ltr'>‘Tuta</span> <span class='ocrx_word' id='word_1_327' title='bbox 1665 3926 1869 3982; x_wconf 87' lang='lat' dir='ltr'>scelera</span> <span class='ocrx_word' id='word_1_328' title='bbox 1901 3943 2022 3982; x_wconf 87' lang='lat' dir='ltr'>esse</span> <span class='ocrx_word' id='word_1_329' title='bbox 2051 3935 2305 4001; x_wconf 83' lang='lat' dir='ltr'>possunt,</span> <span class='ocrx_word' id='word_1_330' title='bbox 2336 3942 2524 3981; x_wconf 87' lang='lat' dir='ltr'>secura</span> 
     </span>
     <span class='ocr_line' id='line_1_38' title="bbox 232 4008 2523 4088; baseline -0.002 -20"><span class='ocrx_word' id='word_1_331' title='bbox 232 4030 344 4068; x_wconf 92' lang='lat' dir='ltr'>non</span> <span class='ocrx_word' id='word_1_332' title='bbox 375 4013 651 4088; x_wconf 84' lang='lat' dir='ltr'>possunt&#39;.</span> <span class='ocrx_word' id='word_1_333' title='bbox 732 4012 862 4068; x_wconf 84' lang='lat' dir='ltr'>Sen.</span> <span class='ocrx_word' id='word_1_334' title='bbox 895 4012 1150 4069; x_wconf 73' lang='lat' dir='ltr'>Phaedr.</span> <span class='ocrx_word' id='word_1_335' title='bbox 1189 4011 1306 4069; x_wconf 88' lang='lat'>169</span> <span class='ocrx_word' id='word_1_336' title='bbox 1341 4013 1428 4068; x_wconf 90' lang='lat' dir='ltr'>ed.</span> <span class='ocrx_word' id='word_1_337' title='bbox 1462 4012 1629 4084; x_wconf 80' lang='lat' dir='ltr'>Peip.</span> <span class='ocrx_word' id='word_1_338' title='bbox 1672 4008 1884 4068; x_wconf 70' lang='lat' dir='ltr'>‘Scelus</span> <span class='ocrx_word' id='word_1_339' title='bbox 1915 4011 2092 4085; x_wconf 86' lang='lat' dir='ltr'>aliqua</span> <span class='ocrx_word' id='word_1_340' title='bbox 2123 4018 2334 4083; x_wconf 81' lang='lat' dir='ltr'>tutum,</span> <span class='ocrx_word' id='word_1_341' title='bbox 2376 4009 2523 4064; x_wconf 82' lang='lat' dir='ltr'>nulla</span> 
     </span>
     <span class='ocr_line' id='line_1_39' title="bbox 230 4094 2525 4170; baseline -0.002 -17"><span class='ocrx_word' id='word_1_342' title='bbox 230 4113 484 4154; x_wconf 84' lang='lat' dir='ltr'>securum</span> <span class='ocrx_word' id='word_1_343' title='bbox 513 4098 683 4154; x_wconf 87' lang='lat' dir='ltr'>tulit’.</span> <span class='ocrx_word' id='word_1_344' title='bbox 835 4097 915 4156; x_wconf 88' lang='grc'>66</span> <span class='ocrx_word' id='word_1_345' title='bbox 960 4097 1140 4154; x_wconf 84' lang='lat' dir='ltr'>Mart.</span> <span class='ocrx_word' id='word_1_346' title='bbox 1172 4097 1336 4154; x_wconf 84' lang='lat' dir='ltr'>Dum.</span> <span class='ocrx_word' id='word_1_347' title='bbox 1371 4099 1441 4153; x_wconf 87' lang='lat' dir='ltr'>de</span> <span class='ocrx_word' id='word_1_348' title='bbox 1466 4096 1643 4170; x_wconf 78' lang='lat' dir='ltr'>form.</span> <span class='ocrx_word' id='word_1_349' title='bbox 1676 4098 1808 4153; x_wconf 77' lang='lat' dir='ltr'>bon.</span> <span class='ocrx_word' id='word_1_350' title='bbox 1843 4102 1993 4154; x_wconf 82' lang='lat' dir='ltr'>vitae</span> <span class='ocrx_word' id='word_1_351' title='bbox 2025 4096 2084 4168; x_wconf 88' lang='grc'><strong>2,</strong></span> <span class='ocrx_word' id='word_1_352' title='bbox 2118 4096 2153 4152; x_wconf 90' lang='grc'>6</span> <span class='ocrx_word' id='word_1_353' title='bbox 2188 4095 2345 4151; x_wconf 71' lang='lat' dir='ltr'>‘Cum</span> <span class='ocrx_word' id='word_1_354' title='bbox 2373 4094 2525 4149; x_wconf 78' lang='lat' dir='ltr'>initIa</span> 
     </span>
     <span class='ocr_line' id='line_1_40' title="bbox 230 4180 2522 4256; baseline -0.003 -18"><span class='ocrx_word' id='word_1_355' title='bbox 230 4184 524 4253; x_wconf 83' lang='lat' dir='ltr'>inveneris,</span> <span class='ocrx_word' id='word_1_356' title='bbox 557 4184 732 4239; x_wconf 84' lang='lat' dir='ltr'>exitus</span> <span class='ocrx_word' id='word_1_357' title='bbox 763 4181 1071 4256; x_wconf 82' lang='lat' dir='ltr'>cogitabis’.</span> <span class='ocrx_word' id='word_1_358' title='bbox 1135 4181 1441 4239; x_wconf 89' lang='lat' dir='ltr'>continebis</span> <span class='ocrx_word' id='word_1_359' title='bbox 1472 4183 1519 4237; x_wconf 91' lang='lat' dir='ltr'>si</span> <span class='ocrx_word' id='word_1_360' title='bbox 1550 4182 1597 4239; x_wconf 83' lang='lat' dir='ltr'><strong><em>G</em></strong></span> <span class='ocrx_word' id='word_1_361' title='bbox 1630 4182 1701 4238; x_wconf 89' lang='lat' dir='ltr'>S.-</span> <span class='ocrx_word' id='word_1_362' title='bbox 1743 4180 2042 4238; x_wconf 86' lang='lat' dir='ltr'>continebit</span> <span class='ocrx_word' id='word_1_363' title='bbox 2074 4181 2168 4254; x_wconf 91' lang='lat' dir='ltr'>qui</span> <span class='ocrx_word' id='word_1_364' title='bbox 2198 4183 2395 4253; x_wconf 75' lang='lat' dir='ltr'>vul903</span> <span class='ocrx_word' id='word_1_365' title='bbox 2438 4180 2522 4251; x_wconf 81' lang='lat' dir='ltr'>cf.</span> 
     </span>
     <span class='ocr_line' id='line_1_41' title="bbox 230 4263 2522 4342; baseline -0.003 -17"><span class='ocrx_word' id='word_1_366' title='bbox 230 4270 311 4325; x_wconf 83' lang='lat' dir='ltr'>ad</span> <span class='ocrx_word' id='word_1_367' title='bbox 339 4269 379 4340; x_wconf 72' lang='lat' dir='ltr'>S</span> <span class='ocrx_word' id='word_1_368' title='bbox 410 4267 489 4325; x_wconf 89' lang='grc'>33</span> <span class='ocrx_word' id='word_1_369' title='bbox 622 4263 653 4297; x_wconf 78' lang='grc'><strong>*</strong></span> <span class='ocrx_word' id='word_1_370' title='bbox 683 4268 1032 4341; x_wconf 79' lang='lat' dir='ltr'>cogitaveris:</span> <span class='ocrx_word' id='word_1_371' title='bbox 1079 4266 1405 4342; x_wconf 84' lang='lat' dir='ltr'>cogitaberis</span> <span class='ocrx_word' id='word_1_372' title='bbox 1442 4267 1526 4324; x_wconf 86' lang='lat' dir='ltr'>Ga</span> <span class='ocrx_word' id='word_1_373' title='bbox 1560 4268 1664 4339; x_wconf 82' lang='lat' dir='ltr'>Gb,</span> <span class='ocrx_word' id='word_1_374' title='bbox 1696 4265 1954 4341; x_wconf 77' lang='lat' dir='ltr'>cogitabit</span> <span class='ocrx_word' id='word_1_375' title='bbox 1986 4268 2152 4340; x_wconf 71' lang='lat' dir='ltr'>vulyo</span> <span class='ocrx_word' id='word_1_376' title='bbox 2262 4264 2339 4321; x_wconf 89' lang='grc'>67</span> <span class='ocrx_word' id='word_1_377' title='bbox 2388 4263 2522 4320; x_wconf 87' lang='lat' dir='ltr'>Sen.</span> 
     </span>
     <span class='ocr_line' id='line_1_42' title="bbox 228 4349 2518 4426; baseline -0.002 -17"><span class='ocrx_word' id='word_1_378' title='bbox 228 4356 300 4409; x_wconf 89' lang='lat' dir='ltr'>de</span> <span class='ocrx_word' id='word_1_379' title='bbox 332 4356 460 4410; x_wconf 83' lang='lat' dir='ltr'>ben.</span> <span class='ocrx_word' id='word_1_380' title='bbox 494 4352 568 4426; x_wconf 90' lang='grc'><strong>2,</strong></span> <span class='ocrx_word' id='word_1_381' title='bbox 602 4353 675 4409; x_wconf 93' lang='grc'>11</span> <span class='ocrx_word' id='word_1_382' title='bbox 724 4350 849 4420; x_wconf 80' lang='lat' dir='ltr'>Qui</span> <span class='ocrx_word' id='word_1_383' title='bbox 880 4353 1027 4409; x_wconf 83' lang='lat' dir='ltr'>dedit</span> <span class='ocrx_word' id='word_1_384' title='bbox 1054 4350 1378 4409; x_wconf 87' lang='lat' dir='ltr'>heneficium</span> <span class='ocrx_word' id='word_1_385' title='bbox 1409 4360 1617 4424; x_wconf 74' lang='lat' dir='ltr'>taceat,</span> <span class='ocrx_word' id='word_1_386' title='bbox 1659 4360 1844 4408; x_wconf 87' lang='lat' dir='ltr'>narret</span> <span class='ocrx_word' id='word_1_387' title='bbox 1874 4352 1967 4425; x_wconf 89' lang='lat' dir='ltr'>qui</span> <span class='ocrx_word' id='word_1_388' title='bbox 1996 4350 2245 4424; x_wconf 85' lang='lat' dir='ltr'>accepit’.</span> <span class='ocrx_word' id='word_1_389' title='bbox 2305 4349 2518 4405; x_wconf 82' lang='lat' dir='ltr'>Auson.</span> 
     </span>
     <span class='ocr_line' id='line_1_43' title="bbox 246 4432 2520 4512; baseline -0.003 -17"><span class='ocrx_word' id='word_1_390' title='bbox 246 4439 366 4496; x_wconf 79' lang='lat' dir='ltr'>VII</span> <span class='ocrx_word' id='word_1_391' title='bbox 395 4440 536 4512; x_wconf 82' lang='lat' dir='ltr'>Sap.</span> <span class='ocrx_word' id='word_1_392' title='bbox 574 4439 645 4509; x_wconf 85' lang='grc'>6,</span> <span class='ocrx_word' id='word_1_393' title='bbox 676 4437 734 4494; x_wconf 88' lang='grc'>4.</span> <span class='ocrx_word' id='word_1_394' title='bbox 769 4437 826 4494; x_wconf 88' lang='grc'>5.</span> <span class='ocrx_word' id='word_1_395' title='bbox 875 4437 1044 4496; x_wconf 82' lang='lat' dir='ltr'>Caec.</span> <span class='ocrx_word' id='word_1_396' title='bbox 1079 4439 1251 4497; x_wconf 87' lang='lat' dir='ltr'>Balb.</span> <span class='ocrx_word' id='word_1_397' title='bbox 1286 4438 1428 4495; x_wconf 84' lang='lat' dir='ltr'>Par.</span> <span class='ocrx_word' id='word_1_398' title='bbox 1462 4436 1564 4510; x_wconf 91' lang='grc'>32,</span> <span class='ocrx_word' id='word_1_399' title='bbox 1589 4455 1687 4511; x_wconf 82' lang='lat' dir='ltr'>p9.</span> <span class='ocrx_word' id='word_1_400' title='bbox 1720 4435 1805 4495; x_wconf 89' lang='grc'>40</span> <span class='ocrx_word' id='word_1_401' title='bbox 1846 4434 2163 4510; x_wconf 74' lang='lat' dir='ltr'>‘Acceptum</span> <span class='ocrx_word' id='word_1_402' title='bbox 2202 4432 2520 4491; x_wconf 84' lang='lat' dir='ltr'>beneficium</span> 
     </span>
     <span class='ocr_line' id='line_1_44' title="bbox 228 4507 2521 4605; baseline -0.002 -26"><span class='ocrx_word' id='word_1_403' title='bbox 228 4532 483 4580; x_wconf 79' lang='lat' dir='ltr'>aeternae</span> <span class='ocrx_word' id='word_1_404' title='bbox 527 4525 814 4580; x_wconf 81' lang='lat' dir='ltr'>memoriae</span> <span class='ocrx_word' id='word_1_405' title='bbox 861 4522 1240 4598; x_wconf 81' lang='lat' dir='ltr'>infigendum’.</span> <span class='ocrx_word' id='word_1_406' title='bbox 1328 4524 1602 4580; x_wconf 82' lang='lat' dir='ltr'>Menand.</span> <span class='ocrx_word' id='word_1_407' title='bbox 1652 4522 1898 4580; x_wconf 84' lang='lat' dir='ltr'>Monost.</span> <span class='ocrx_word' id='word_1_408' title='bbox 1944 4520 2063 4605; x_wconf 83' lang='grc'>749</span> <span class='ocrx_word' id='word_1_409' title='bbox 2108 4512 2281 4595; x_wconf 79' lang='grc' dir='ltr'>χάριν</span> <span class='ocrx_word' id='word_1_410' title='bbox 2325 4507 2521 4596; x_wconf 76' lang='grc' dir='ltr'><em>λαβὼν</em></span> 
     </span>
    </p>
   </div>
  </div>
 </body>
</html>
