3209 5184
622 456 703 541 72
1255 488 1566 537 Poenum
1613 488 1769 538 sinu
1817 487 2273 537 summme,

788 643 998 711 Citius
1046 643 1229 707 venit
1272 639 1609 729 periclum,
1658 662 1802 705 cum
1848 640 2299 706 contemnitur.

788 746 987 810 Casta
1028 742 1114 807 ad
1158 742 1373 808 virum
1415 751 1711 807 matrona
1753 741 2042 828 parendo
2087 741 2380 829 imperat.

788 847 937 914 Cito
981 845 1339 930 ignominia
1381 843 1456 909 fit
1500 842 1767 930 superbi
1810 841 2039 928 gloria.

662 956 740 1014 95
788 946 1079 1014 Consilio
1126 943 1356 1010 melius
1402 944 1628 1019 vincas
1674 965 1868 1031 quam
1912 944 2267 1010 iracundia.

788 1049 1013 1115 Cuiuis
1059 1045 1268 1111 dolori
1311 1034 1670 1111 remedium
1717 1054 1815 1112 est
1858 1047 2193 1134 patientia.

790 1149 1053 1215 Cotidie
1099 1150 1461 1232 damnatur,
1510 1147 1623 1235 qui
1667 1170 1923 1236 semper
1966 1150 2171 1214 timet.

794 1252 961 1319 Cum
1007 1252 1171 1318 vitia
1213 1259 1508 1339 prosunt,
1556 1258 1782 1337 peccat
1827 1250 1934 1336 qui
1983 1259 2158 1314 recte
2201 1251 2380 1315 facit.

787 1353 1263 1421 Contumeliam
1307 1373 1426 1415 nec
1469 1351 1661 1422 sortis
1706 1350 1857 1438 pote
1902 1370 2021 1415 nec
2064 1352 2384 1437 ingenuus
2430 1355 2588 1441 pati.

622 1464 744 1522 100
787 1455 1202 1522 Conscientia
1244 1453 1447 1518 animi
1491 1450 1702 1516 nullas
1749 1452 2002 1517 invenit
2044 1451 2311 1539 linguae
2350 1476 2598 1542 preces.

789 1558 937 1623 Cito
982 1554 1426 1643 improborum
1468 1552 1642 1618 laeta
1684 1553 1771 1617 ad
1814 1554 2170 1641 perniciem
2216 1555 2476 1620 cadunt.

789 1657 1166 1743 (Contemni
1212 1666 1309 1721 est
1352 1654 1624 1740 gravius
1671 1676 1864 1742 quam
1908 1655 2224 1720 stultitiae
2267 1660 2573 1743 percuti.)

790 1757 1048 1825 Cotidie
1095 1768 1193 1823 est
1237 1757 1520 1823 deterior
1561 1757 1881 1843 posterior
1925 1755 2085 1824 dies.

789 1860 1020 1926 Comes
1066 1857 1385 1924 facundus
1429 1858 1499 1923 in
1543 1858 1655 1921 via
1699 1880 1816 1946 pro
1861 1858 2159 1924 vehiculo
2208 1870 2323 1925 est.

626 1968 740 2028 105
790 1961 1053 2026 Crimen
1097 1959 1407 2046 relinquit
1456 1959 1652 2042 vitae,
1699 1961 1810 2046 qui
1857 1969 2127 2025 mortem
2170 1953 2440 2048 appetit.

618 2204 885 2249 comens
930 2206 981 2245 v.
1014 2186 1336 2245 85-105:
1385 2185 1912 2261 PRBFVffEC),
1960 2206 2006 2243 v.
2045 2189 2402 2247 107—122:
2448 2190 2725 2262 FV(TC)

619 2327 677 2385 g.
710 2317 750 2364 t.
783 2326 828 2370 r.
860 2307 946 2364 alii
992 2307 1204 2363 inimico
1246 2306 1334 2362 alii
1380 2307 1433 2361 in
1475 2307 1699 2381 gratiam
1729 2307 1814 2363 Pb
1989 2315 2107 2362 tuto
2143 2305 2418 2365 PaRBC:
2467 2307 2599 2364 tudo
2631 2310 2747 2379 Pb,
2792 2317 2920 2366 tutc

620 2394 739 2451 FV
763 2391 901 2465 (tute
931 2392 985 2447 in
1015 2408 1100 2465 gr.
1151 2387 1243 2467 V),
1275 2391 1385 2446 cito
1419 2391 1705 2448 Erasmus
1717 2416 1736 2455 ,·
1782 2392 2080 2466 ingratuitu
2112 2390 2408 2449 revertitur
2443 2394 2493 2449 T
2658 2391 2736 2450 92
2783 2409 2918 2450 eve-

617 2478 700 2534 nit
746 2477 897 2534 Vino.
932 2476 1080 2532 Bell.
1113 2492 1196 2548 sp.
1230 2477 1282 2531 d.
1315 2473 1376 2545 4,
1410 2473 1488 2531 27
1620 2474 1878 2549 periclum
1919 2475 2059 2533 BV.-
2104 2476 2406 2551 periculum
2437 2476 2701 2534 PRFEC
2743 2478 2915 2535 Vino.

818 2560 897 2618 93
944 2578 991 2617 c.
1040 2577 1110 2619 m.
1145 2561 1260 2615 viro
1296 2558 1341 2614 C
1551 2558 1632 2615 94
1675 2559 1778 2615 EC
1822 2560 1977 2616 Vinc.
2013 2561 2161 2617 Bell.
2203 2577 2289 2633 sp.
2331 2563 2383 2619 d.
2417 2560 2491 2633 4,
2530 2560 2680 2634 122,
2714 2580 2816 2618 om.
2870 2565 2926 2621 V

818 2661 983 2720 super
1012 2646 1064 2700 in
1097 2644 1271 2718 gloria
1306 2644 1386 2700 Pb
1602 2641 1682 2700 95
1729 2643 1986 2701 consilios
2020 2644 2145 2717 PR,
2179 2645 2403 2702 consilia
2433 2647 2519 2702 Pa
2553 2662 2705 2702 corr.

621 2730 855 2788 vindicas
885 2731 994 2800 Pa,
1026 2729 1207 2784 vinces
1246 2725 1290 2784 C
1459 2727 1764 2784 iracundiae
1794 2729 1847 2784 P
2027 2729 2105 2786 96
2153 2730 2305 2786 cuius
2355 2732 2509 2788 Vino.
2553 2732 2695 2788 Bell.
2731 2748 2818 2805 sp.
2851 2735 2914 2787 d.

620 2815 680 2886 4,
715 2814 812 2872 79.
849 2812 967 2870 112
1126 2819 1210 2869 est
1240 2829 1371 2869 rem.
1423 2814 1484 2883 V,
1515 2830 1567 2886 p.
1599 2830 1648 2869 r.
1682 2821 1766 2869 est
1814 2814 1967 2871 Vinc.
2000 2813 2061 2887 4,
2099 2813 2215 2870 112
2390 2815 2468 2871 97
2514 2815 2795 2872 damnator
2823 2816 2918 2873 Pb

788 2899 843 2956 C.
873 2905 1044 2956 morte
1078 2897 1363 2968 mulcatur,
1395 2899 1487 2971 qui
1519 2913 1640 2953 cum
1674 2898 1865 2954 timore
1896 2900 2257 2956 conscientiae
2289 2917 2416 2955 suae
2449 2907 2696 2957 versatur
2730 2901 2782 2957 T

621 2986 700 3044 98
746 2983 987 3060 produnt
1031 2982 1076 3040 0
1256 2982 1334 3040 99
1382 3000 1486 3039 om.
1550 2983 1596 3039 V
1604 3007 1622 3046 ;
1664 2983 1768 3039 sed
1803 2983 1882 3055 cf.
1929 3002 1976 3040 v.
2019 2986 2056 3039 l.
2100 2986 2180 3040 ad
2218 3003 2266 3041 v.
2318 2985 2437 3042 100
2606 3000 2707 3041 nec
2749 2983 2917 3042 sortis

620 3070 768 3128 LTC
796 3068 1186 3125 Penthaleon:
1234 3083 1343 3124 non
1386 3067 1544 3124 fortis
1577 3067 1938 3139 Stephanus,
1982 3083 2082 3124 nec
2123 3068 2300 3125 facere
2341 3069 2501 3125 fortis
2548 3069 2778 3143 Inyolst.
2813 3085 2899 3126 ex

622 3158 958 3213 coniectura
1003 3158 1064 3209 ul
1107 3154 1359 3223 videtur,
1403 3152 1554 3210 unde
1588 3152 1751 3209 Grut.
1783 3150 1937 3208 Cont.
1984 3168 2082 3209 nec
2112 3154 2224 3227 ing.
2275 3152 2380 3209 sert
2422 3169 2520 3209 nec
2562 3154 2719 3210 sortis
2763 3155 2916 3224 facit,

623 3241 825 3296 melius
855 3238 1041 3294 Bothe
1071 3235 1225 3293 Cont.
1259 3252 1357 3293 nec
1404 3237 1565 3293 sortis
1599 3236 1633 3291 f.
1677 3253 1777 3292 nec
1820 3237 1854 3292 i.
1890 3236 2030 3293 facit.
2094 3237 2179 3310 Cf.
2206 3256 2256 3294 v.
2292 3236 2410 3295 651
2612 3245 2743 3312 pote
2770 3253 2916 3311 pro-

614 3326 810 3395 posuit
842 3322 1085 3378 Gruter:
1133 3329 1320 3394 potest
1350 3321 1497 3378 LTC
1656 3322 1886 3395 ingenus
1918 3321 1991 3391 R,
2022 3322 2250 3395 ignavus
2282 3323 2612 3394 Froehlich,
2646 3339 2747 3379 nec
2776 3340 2909 3398 ege·

621 3424 726 3463 nus
768 3406 911 3463 serre
948 3407 1007 3462 Τ.
1076 3401 1165 3477 Cf.
1212 3423 1260 3461 v.
1297 3403 1420 3462 240
1504 3444 1515 3455 .
1596 3405 1718 3461 100
1761 3405 2084 3461 contumelia
2133 3407 2203 3476 V,
2245 3413 2582 3479 corruptum
2625 3423 2702 3463 ex
2746 3426 2794 3464 v.
2829 3407 2913 3466 99

791 3490 947 3567 animi
978 3490 1086 3545 PB
1113 3489 1507 3547 Penthaleon:
1553 3489 1706 3545 amici
1736 3488 1849 3547 RB
1891 3505 1935 3546 s.
1979 3505 2096 3546 scr.
2143 3510 2214 3547 m.
2260 3507 2376 3547 sec.
2411 3491 2569 3548 FVC
2736 3492 2916 3549 nullas

620 3578 690 3647 Ρ,
725 3577 1054 3633 Bentleius:
1098 3573 1280 3631 nullus
1315 3574 1387 3643 B,
1422 3576 1637 3631 nullius
1671 3572 1886 3630 RFVC
1911 3574 2273 3632 Panehaleon
2439 3576 2549 3632 101
2602 3577 2703 3634 EC
2746 3577 2910 3633 Vinc.

624 3662 775 3717 Bell.
806 3676 896 3732 sp.
928 3661 984 3717 d.
1018 3658 1078 3732 4,
1114 3658 1231 3716 159
1378 3661 1430 3716 iu
1460 3676 1614 3733 pern.
1651 3659 1957 3716 Fabricius
2119 3659 2234 3717 102
2283 3660 2607 3718 Salomonis
2632 3662 2906 3733 proverb.

626 3745 724 3817 10,
758 3744 795 3801 8
837 3743 978 3800 ‘Urit
1015 3745 1311 3817 increpatio
1354 3742 1674 3818 prudentem
1719 3745 1889 3818 magis
1921 3760 2078 3817 quam
2110 3746 2155 3801 si
2196 3746 2465 3818 percutias
2496 3744 2756 3801 stolidum
2788 3761 2914 3802 cen·

623 3829 771 3886 ties)
918 3836 1002 3885 est
1032 3827 1207 3884 levius
1239 3829 1555 3890 Erasmus-‚-
1600 3827 1684 3900 cf.
1723 3846 1769 3884 v.
1810 3826 1927 3885 143
2086 3829 2351 3885 stultitiae
2385 3826 2439 3905 (i.
2475 3847 2523 3886 e.
2554 3828 2746 3902 stulto)
2777 3830 2914 3887 PR.-

623 3914 853 3970 stultitia
887 3913 942 3968 B
984 3928 1114 3984 sup.
1159 3928 1275 3969 scr.
1312 3928 1429 3970 sec.
1463 3931 1531 3969 m.
1564 3913 1622 3968 F
1636 3913 1696 3983 V,
1743 3912 1910 3970 stulte
1941 3912 2015 3983 B,
2047 3932 2151 3970 om.
2190 3913 2234 3970 C
2433 3914 2551 3972 103
2599 3914 2669 3985 C,
2715 3932 2819 3972 om.
2873 3916 2922 3971 V

787 4016 844 4072 p.
890 3994 1055 4068 fides»,
1098 4014 1281 4069 supra
1326 4014 1439 4053 scr.
1484 4013 1598 4053 sec.
1642 4016 1713 4054 m.
1763 3997 1910 4067 dieS,
1956 3996 2070 4053 dies
2111 3999 2388 4072 posterior
2415 4000 2483 4054 F.
2557 3998 2645 4072 Cf.
2680 3999 2922 4055 Erasmi

625 4084 806 4157 Aday.
836 4100 896 4155 p.
934 4080 1053 4139 732
1088 4068 1208 4137 Ἀεὶ
1240 4072 1308 4137 τὰ
1339 4075 1548 4155 πέρυσι
1577 4076 1803 4153 βελτίω.
1896 4081 2118 4138 Seneca
2153 4081 2405 4138 Phaedr.
2443 4081 2563 4141 784
2596 4080 2913 4156 (Hippolyl.

628 4166 771 4240 776)
812 4165 1090 4241 ‘Horaque
1131 4182 1347 4241 semper
1388 4165 1683 4240 praeterita
1724 4166 1964 4222 dett-rior
2003 4164 2190 4225 subit?
2396 4167 2514 4225 104
2564 4166 2777 4224 Gellius
2811 4167 2913 4240 17,

626 4251 731 4324 14,
764 4252 1020 4309 Macrob.
1058 4252 1181 4308 Sat.
1218 4250 1288 4323 2,
1322 4251 1380 4322 7,
1413 4251 1536 4308 Ιοα.
1570 4250 1805 4308 Saresb.
1840 4250 2051 4308 Polior.
2082 4251 2142 4322 8,
2180 4252 2276 4323 14,
2314 4252 2476 4321 TEC,
2510 4270 2613 4309 om.
2650 4254 2702 4309 R
2807 4281 2816 4290 ·

629 4336 757 4393 facit
786 4335 892 4393 dux
925 4336 996 4399 0‚·
1035 4353 1136 4411 pro
1181 4353 1228 4391 v.
1259 4343 1345 4393 est
1387 4338 1441 4392 in
1476 4337 1557 4392 via
1594 4337 1645 4391 T
1843 4334 1960 4392 105
2008 4336 2228 4392 Seneca
2262 4336 2418 4394 Eaec.
2455 4335 2714 4394 Controv.
2747 4336 2817 4407 8,
2850 4336 2913 4407 4,

616 4440 715 4496 pq.
769 4419 925 4490 427,
976 4420 1049 4477 13
1099 4420 1208 4477 Bu.
1284 4420 1500 4477 ‘Nescio
1564 4421 1719 4476 cuius
1782 4419 2018 4476 criminis
2081 4418 2179 4476 sibi
2239 4422 2488 4477 conscius
2546 4420 2794 4493 coutugit
2847 4420 2915 4475 ad

623 4502 900 4562 mortem’.
