3209 5184
594 421 677 486 26
1456 434 2007 483 PRoLEeoMENA.
2670 398 2699 429 ‘

595 589 969 672 ediderunt,
1029 611 1190 677 quos
1247 587 1412 653 duos
1463 596 1725 675 praeter
1768 586 2144 652 Fabricium
2195 588 2527 665 nominavi
2573 586 2880 672 editoreS,

597 692 1008 756 Henricus
1054 689 1511 777 Stephanus
1556 690 1748 754 annis
1795 689 1962 755 1564
2004 697 2069 753 et
2120 688 2301 770 1569,
2349 688 2419 751 in
2462 687 2878 773 Fragmentis

592 804 929 883 poetarum
985 801 1280 858 veterum
1334 789 1686 856 latinorum
1740 791 1871 855 iam
1913 812 1954 854 a
1995 791 2283 855 Roberto
2333 799 2517 875 patre
2562 789 2880 874 collectis,

593 897 696 962 vir
741 895 945 961 sobrii
989 894 1243 976 iudicii,
1290 893 1531 980 quippe
1576 894 1688 979 qui
1732 893 2071 980 perpaucis
2114 890 2405 976 exceptis
2436 895 2881 978 acquiesceret

594 1000 664 1062 in
708 997 1053 1061 sententiis
1096 995 1181 1059 ab
1225 994 1500 1059 Erasmo
1545 993 1902 1079 evulgatis,
1961 1003 2025 1058 et
2079 991 2550 1060 Theodorus
2610 996 2878 1061 Zwin-
2917 1002 2929 1015 ⁸

593 1120 837 1183 gerus
882 1119 1061 1161 anno
1100 1094 1285 1177 1575,
1333 1096 1446 1182 qui
1489 1116 1640 1182 pag.
1673 1095 1757 1160 62
1800 1103 2023 1182 aperte
2067 1094 2401 1183 professus
2447 1108 2548 1161 est
2590 1099 2877 1164 ‘minimo

593 1200 832 1283 negotio
876 1198 1113 1264 ostendi
1142 1216 1326 1281 posse
1367 1199 1531 1262 inter
1563 1195 1915 1263 Publicanos
1955 1216 2170 1263 versus
2198 1217 2326 1262 non
2357 1218 2600 1281 paucos
2626 1201 2880 1282 spurios

592 1301 901 1384 reperiri&
926 1299 1160 1387 quibus
1185 1297 1407 1363 verbis
1428 1295 1893 1364 Panthaleonis
1925 1297 2278 1363 editionem
2302 1297 2565 1364 videtur
2594 1308 2878 1365 notasse.

595 1402 927 1486 Zwingeri
993 1423 1190 1489 opus,
1258 1399 1543 1465 ‘Morum
1597 1398 2010 1487 philosophia
2073 1402 2358 1486 poetica,
2433 1421 2518 1465 ex
2580 1410 2879 1466 veterum

592 1504 932 1590 utriusque
984 1502 1247 1588 linguae
1299 1509 1637 1588 poetarum
1691 1500 2012 1566 thesauris
2059 1501 2315 1568 XVIII.
2361 1500 2548 1566 libris
2594 1503 2880 1568 deducta

592 1603 793 1670 Basil.
828 1603 1030 1697 *1575’
1075 1625 1385 1689 magnum
1428 1602 1736 1668 volumen
1780 1610 1895 1685 est,
1943 1602 2115 1689 quod
2160 1602 2245 1668 ad
2286 1603 2443 1668 1621
2490 1604 2876 1691 paginarum

591 1705 910 1772 ambitum
950 1704 1260 1788 accrevit,
1306 1725 1428 1768 nec
1469 1712 1710 1787 tamen,
1757 1712 2070 1790 quantum
2108 1704 2271 1788 vidi,
2317 1704 2484 1771 aliae
2515 1707 2878 1770 sententiae

593 1808 1007 1875 continentur
1064 1807 1193 1872 nisi
1252 1804 1696 1871 Erasmianae.
1784 1804 2144 1869 Nonnullas
2212 1804 2425 1871 editor
2487 1808 2877 1872 coniecturis

595 1909 939 1974 emendare
968 1917 1245 1988 conatus,
1268 1915 1384 1989 est,
1431 1928 1536 1970 ex.
1566 1928 1666 1991 gr.
1697 1928 1763 1970 V.
1798 1906 1916 1971 187
1943 1907 2252 1988 seminam
2280 1913 2618 1987 maturam,
2655 1929 2718 1972 v.
2750 1910 2873 1974 321

593 2012 783 2077 demit
824 2015 893 2076 ab
930 2012 1070 2090 sibi,
1118 2031 1302 2097 quas,
1350 2030 1497 2073 cum
1539 2009 1674 2072 sint
1716 2006 1958 2072 nullius
2002 2010 2230 2095 pretii,
2277 2010 2346 2073 in
2387 2020 2707 2096 apparatu
2751 2011 2874 2075 cri·

593 2115 724 2177 tico
766 2110 1147 2200 plerumque
1191 2109 1451 2177 silentio
1496 2109 2069 2195 praetermisimus,

761 2213 865 2279 De
921 2213 1323 2298 Dionysio
1382 2209 1852 2276 Godofredo
1909 2232 2132 2297 pauca
2162 2212 2520 2277 sufficient:
2582 2235 2734 2277 nam
2779 2215 2874 2278 in·

592 2316 761 2381 iuria
801 2316 975 2380 inter
1016 2313 1289 2379 Publilii
1333 2311 1616 2395 editores
1659 2311 1957 2376 refertur.
2046 2313 2115 2377 Is
2161 2314 2354 2396 enim,
2402 2336 2548 2378 cum
2596 2314 2876 2381 Senecae

594 2415 963 2504 philosophi
1008 2436 1206 2503 opera
1249 2436 1416 2501 quae
1461 2422 1689 2478 extant
1724 2414 1939 2477 omnia
1968 2435 2086 2478 sex
2117 2413 2559 2480 voluminibus
2591 2415 2877 2480 Basiliae

599 2518 764 2583 1590
806 2516 1141 2598 edidisset,
1188 2516 1257 2579 in
1300 2514 1431 2580 vol.
1477 2513 1599 2580 VI.
1645 2523 1935 2580 extremo
1978 2537 2088 2601 pg.
2121 2515 2455 2582 273—287
2503 2517 2877 2583 ‘Proverbia

593 2620 881 2686 Senecae'
944 2616 1217 2699 adiecit,
1273 2638 1355 2681 ne
1413 2616 1572 2704 quid
1630 2615 2142 2700 desideraretur,
2198 2616 2306 2681 vel
2360 2617 2534 2704 quod
2591 2620 2876 2684 incertae

592 2720 1001 2806 auctoritatis
1054 2727 1244 2784 esset.
1332 2717 1437 2782 Ita
1490 2717 1739 2783 factum
1794 2726 1925 2799 est,
1984 2727 2057 2784 ut
2113 2721 2467 2784 sententias
2511 2719 2873 2806 pedestreS,

596 2843 760 2910 quae
803 2821 872 2884 in
916 2819 1199 2886 editione
1241 2828 1463 2885 nostra
1505 2818 1746 2884 litteris
1790 2818 2121 2886 inclinatis
2157 2840 2508 2908 expressae
2538 2832 2711 2911 sunt,
2758 2844 2877 2886 nec

594 2923 829 2991 iambis
875 2920 1228 3004 clauderet,
1274 2941 1395 2985 nec
1423 2920 1719 3003 selectaS,
1765 2921 1884 2986 sed
1926 2923 2268 2987 universas
2299 2923 2638 3008 reciperet,
2685 2934 2878 3009 prout

596 3049 703 3090 eas
758 3026 827 3089 in
881 3022 1217 3113 codicibus
1273 3022 1804 3109 editionibusque
1859 3025 2137 3089 vetustis
2181 3033 2538 3111 repererat,
2595 3025 2877 3111 denique

593 3149 675 3192 ne
719 3125 1143 3213 interpolatas
1170 3172 1177 3177 -
1200 3123 1465 3212 quidem
1509 3146 1593 3189 ex
1638 3124 1922 3191 Senecae
1964 3123 2047 3189 de
2090 3124 2436 3191 clementia
2478 3125 2664 3191 libris
2710 3128 2876 3214 peti-

596 3240 696 3295 tas
740 3248 1032 3292 resecare
1075 3226 1364 3292 auderet.
2583 3248 2586 3253 ·

766 3328 931 3395 Cum
978 3326 1345 3414 Stephanus
1391 3336 1455 3392 et
1499 3328 1888 3413 Zwingerus
1932 3328 2003 3393 in
2046 3329 2220 3393 viam
2264 3339 2508 3393 rectam
2550 3328 2633 3394 ab
2681 3331 2875 3396 Eras-

597 3454 699 3497 mo
755 3437 1210 3511 monstratam,
1267 3450 1308 3492 a
1362 3451 1491 3515 qua
1531 3428 1934 3495 Panthaleon
1988 3428 2387 3515 decesserat,
2443 3432 2876 3515 reflexissent,

599 3555 748 3598 ecce
803 3530 926 3596 sub
980 3529 1177 3594 finem
1222 3524 1464 3596 saeculi
1510 3530 1701 3596 XVI.
1760 3531 2045 3595 Petrus
2103 3532 2491 3599 Pjthoeus
2554 3531 2766 3599 denuo
2809 3534 2876 3597 in

597 3645 885 3700 veterem
949 3653 1234 3699 errorem
1297 3630 1588 3720 relapsus
1656 3640 1776 3698 est.
1867 3632 2049 3698 Sicut
2112 3644 2362 3699 autem‘
2389 3633 2877 3720 aegrotantibus

595 3733 800 3799 febris
853 3734 1146 3798 recidiva
1198 3735 1468 3818 gravius
1521 3744 1746 3818 nocet,
1802 3734 1895 3800 ita
1937 3735 2195 3801 Pithoei
2251 3734 2619 3823 exemplum
2662 3743 2875 3823 poste-

596 3835 878 3901 rioribus
924 3833 1281 3900 editoribus
1325 3844 1578 3901 tantum
1623 3836 1924 3923 caliginis
1955 3836 2210 3920 offudit,
2254 3847 2328 3902 ut
2355 3859 2562 3924 usque
2590 3835 2675 3900 ad
2705 3837 2878 3901 hunc

598 3939 774 4003 diem
826 3937 1110 4023 vestigia
1162 3937 1462 4002 veritatis
1518 3936 1812 4024 relegere
1861 3940 2103 4003 nemini
2159 3940 2527 4024 contigerit.
2617 3938 2879 4005 Scilicet

600 4062 675 4105 eo
728 4038 1014 4103 maxime
1068 4039 1378 4126 imposuit
1421 4038 1735 4106 Pithoeus
1789 4038 2167 4127 philologis,
2227 4039 2399 4125 quod
2454 4040 2875 4129 Epigram-

599 4150 806 4207 mata
873 4149 948 4207 et
1002 4139 1402 4226 poematia
1466 4149 1742 4206 vetera
1797 4141 2070 4206 Parisiis
2130 4163 2406 4209 excussa
2458 4165 2498 4206 a
2552 4142 2879 4230 Dionysio

598 4241 912 4309 Duvallio
955 4263 1124 4306 anno
1145 4241 1323 4306 1590
1364 4240 1672 4329 pleraque
1715 4263 1800 4308 ex
1841 4244 2129 4329 antiquis
2161 4240 2494 4309 codicibus
2537 4265 2710 4308 nunc
2748 4246 2876 4330 pri·

600 4367 809 4427 mum,
864 4344 994 4408 alia
1047 4342 1490 4409 emendatiora
1533 4365 1604 4408 se
1651 4342 1938 4410 edidisse
1981 4345 2051 4409 in
2097 4344 2310 4429 fronte
2351 4345 2505 4410 libri
2549 4344 2876 4431 professus

601 4453 720 4527 est,
764 4467 896 4512 non
934 4453 1336 4533 arroganter,
1381 4446 1441 4511 si
1467 4444 1908 4532 anthologiam
1936 4446 2006 4512 in
2035 4446 2408 4513 universum
2442 4448 2875 4532 spectaveris:
