3209 5184
687 422 811 487 130
1469 436 1907 486 SENTENTIAE
1952 438 2174 488 FALso

853 590 1082 656 Omnis
1138 591 1250 678 qui
1303 591 1552 657 amicus
1612 599 1708 657 est
1764 600 1974 673 amat,
2032 589 2150 655 sed
2203 614 2335 658 non
2386 593 2595 659 omnis
2642 594 2755 680 qui
2799 602 2990 658 amat

1897 694 2143 758 amicus
2194 703 2313 758 est.

852 794 1161 859 Omnium
1207 804 1306 859 est
1351 794 1709 861 communis
1754 794 2024 878 amicus,
2071 795 2183 881 qui
2227 795 2432 862 hostis
2478 807 2578 862 est
2622 820 2912 864 suorum.

685 901 807 960 275
850 895 1122 980 Oriente
1169 895 1304 961 sole
1348 893 1713 980 consilium,
1760 895 2099 962 occidente
2144 897 2538 965 convivium.

852 998 1090 1062 Pacem
1135 1019 1282 1062 cum
1325 998 1697 1063 hominibus
1743 996 2038 1081 habebis,
2084 997 2329 1066 bellum
2373 1022 2519 1066 cum
2564 1001 2769 1065 vitiis.
2791 1045 2809 1061 .

851 1098 1257 1164 Parcendum
1325 1109 1423 1165 est
1488 1098 1933 1187 improbandis
1991 1100 2282 1185 civibus,
2348 1125 2478 1168 non
2533 1101 2726 1167 aliter
2781 1124 2993 1189 quam

1898 1201 2207 1268 membris
2253 1202 2737 1290 languentibus.

849 1304 1090 1367 Parere
1134 1304 1303 1367 scire
1347 1324 1466 1390 par
1509 1303 1783 1390 imperio
1828 1300 2039 1388 gloria
2084 1313 2200 1370 est.

847 1406 1062 1470 Parvo
1105 1404 1312 1469 fames
1358 1413 1633 1489 constat,
1679 1426 1917 1490 magno
1961 1404 2322 1472 fastidium.

681 1514 805 1572 280
847 1506 997 1571 Pati
1042 1528 1307 1572 necesse
1353 1515 1451 1571 est
1494 1504 1701 1571 multa
1745 1505 2088 1571 mortalem
2130 1508 2318 1575 mala.

848 1609 1070 1673 Patria
1116 1617 1233 1692 est,
1280 1608 1673 1694 ubicumque
1717 1608 1884 1672 bene
1928 1608 2199 1673 vixeris,

847 1709 1175 1774 Peccandi
1220 1708 1682 1775 verecundiam
1726 1709 1888 1774 facit
1932 1710 2075 1797 ipsa
2119 1708 2461 1777 clementia
2502 1712 2813 1799 regentis.

849 1811 1132 1875 Peccare
1175 1809 1349 1876 nolle
1390 1811 1755 1899 triumphus
1800 1811 2211 1877 innocentiae
2256 1823 2375 1880 est.

849 1912 1091 1977 Peccat
1134 1911 1459 1997 voluntas,
1508 1914 1633 1978 etsi
1676 1911 1928 1978 nullum
1971 1915 2217 1980 crimen
2262 1926 2381 1982 est.

687 2021 809 2079 285
855 2014 1182 2079 Pecuniae
1225 2016 1566 2103 imperare,
1614 2037 1746 2080 non
1790 2016 2037 2080 servire
2082 2017 2408 2084 convenit.

847 2116 1137 2181 Pecunia
1180 2139 1314 2184 non
1358 2116 1553 2183 satiat
1597 2138 1890 2202 avarum,
1939 2117 2053 2183 sed
2098 2120 2334 2185 irritat.

847 2217 1194 2284 Perdenda
1239 2228 1389 2284 sunt
1433 2218 1661 2305 multa,
1708 2228 1781 2284 ut
1826 2218 2027 2284 semel
2070 2243 2274 2308 ponas
2321 2222 2507 2288 bene.

846 2321 1028 2386 Perit
1074 2318 1400 2409 voluptas,
1447 2321 1661 2387 virtus
1706 2320 2091 2388 immortalis
2139 2331 2258 2389 est.

845 2422 1171 2489 Pestifera
1214 2423 1318 2489 vis
1362 2421 1584 2488 valere
1628 2422 1715 2487 ad
1758 2424 2146 2489 nocendum.

679 2530 803 2590 290
846 2524 1083 2613 Pipere
1130 2526 1241 2611 qui
1285 2524 1596 2609 abundat,
1644 2522 1929 2590 oleribus
1973 2528 2205 2592 miscet
2247 2527 2455 2615 piper.

845 2624 1202 2713 Plerosque
1255 2626 1593 2694 hominum
1654 2628 1724 2690 in
1770 2626 2072 2693 domibus
2125 2628 2570 2712 saevissimos,
2628 2629 2698 2693 in
2740 2627 2994 2698 alienis

1894 2727 2291 2795 humillimos
2336 2752 2583 2796 servos.

848 2829 1244 2917 Plerumque
1289 2829 1571 2895 similem
1617 2830 1801 2895 ducit
1841 2830 1928 2894 ad
1972 2829 2253 2896 similem
2298 2831 2479 2908 deus.

847 2929 1125 2997 Plurimi
1168 2942 1325 3019 quot
1369 2953 1620 3016 servos,
1665 2931 1938 2998 totidem
1981 2931 2200 2999 hostes
2246 2932 2511 2999 habent.

849 3030 1215 3099 Plurimum
1259 3035 1372 3121 qui
1415 3035 1528 3118 sis,
1574 3056 1708 3101 non
1753 3035 1864 3121 qui
1907 3033 2232 3116 habearis,
2278 3035 2572 3102 interest.

682 3142 803 3201 295
849 3134 1065 3201 Pluris
1113 3136 1406 3203 docentis
1452 3137 1594 3202 vita
1639 3158 1832 3224 quam
1876 3137 2222 3203 sententia.

853 3363 975 3423 273
1022 3365 1087 3435 Q.
1124 3366 1250 3423 Sen.
1287 3365 1446 3440 epist.
1480 3363 1583 3438 35,
1620 3365 1651 3420 1
1867 3363 1988 3423 274
2036 3364 2098 3434 Q.
2133 3363 2283 3421 Caco.
2313 3364 2456 3422 Balb.
2486 3364 2605 3421 Par.
2638 3364 2708 3438 2,
2738 3382 2831 3440 pg.
2870 3366 2988 3442 37,

678 3448 784 3508 Cic.
826 3449 977 3506 Verr.
1013 3450 1070 3523 1,
1106 3450 1206 3523 15,
1240 3449 1318 3508 38
1453 3449 1573 3507 275
1623 3449 1687 3519 Q.
1720 3448 1869 3506 Caec.
1900 3448 2046 3506 Balb.
2076 3449 2194 3506 Par.
2227 3448 2331 3522 40,
2362 3467 2456 3524 pg.
2479 3448 2558 3506 41
2692 3448 2812 3508 276
2859 3453 2983 3510 Pn.

677 3534 749 3591 De
781 3552 918 3592 mor.
954 3532 1035 3593 34
1066 3534 1191 3592 coll.
1225 3533 1350 3592 Sen.
1390 3535 1550 3609 epist.
1584 3533 1688 3606 87,
1722 3533 1756 3589 9
1786 3567 1790 3572 ·
1975 3534 2094 3593 277
2146 3534 2243 3592 Ga.
2278 3534 2400 3591 Sen.
2434 3535 2501 3591 de
2532 3534 2688 3592 clem.
2726 3534 2794 3607 1,
2826 3534 2903 3608 5,
2941 3538 2981 3593 1

805 3619 926 3678 278
973 3620 1071 3678 Ps.
1108 3619 1260 3677 Caes.
1292 3619 1438 3677 Balb.
1472 3619 1616 3676 Mon.
1651 3618 1749 3691 18,
1779 3636 1874 3695 pg.
1911 3617 1989 3678 26
2139 3617 2261 3677 279
2309 3621 2415 3677 Bo.
2448 3618 2568 3676 Sen.
2600 3621 2757 3694 epist.
2796 3620 2901 3693 17,
2935 3621 2986 3678 4

861 3703 986 3763 280
1031 3705 1128 3763 Ps.
1313 3705 1431 3763 281
1485 3705 1584 3763 Go.
1617 3704 1690 3760 De
1722 3721 1859 3761 mor.
1888 3702 1969 3762 43
2167 3703 2287 3763 282
2338 3705 2432 3763 Go.
2466 3703 2590 3762 Sen.
2622 3704 2688 3760 de
2719 3704 2876 3762 clem.
2917 3706 2988 3779 1,

682 3787 786 3860 22,
819 3788 855 3846 3
989 3787 1110 3847 283
1161 3790 1244 3847 Gr
1275 3791 1329 3847 2.
1362 3789 1515 3846 Caec.
1547 3788 1692 3845 Balb.
1728 3788 1870 3846 Mon.
1904 3790 1961 3861 6,
1994 3805 2083 3864 pg.
2111 3786 2187 3845 21
2324 3787 2445 3846 284
2492 3789 2560 3845 F.
2694 3787 2815 3847 285
2861 3790 2983 3862 Ρη,

678 3874 746 3929 F.
782 3872 860 3930 Cf.
897 3890 1061 3948 supra
1092 3891 1184 3949 pg.
1220 3874 1321 3947 96,
1353 3872 1433 3932 46
1610 3874 1731 3933 286
1777 3873 1831 3930 R
1864 3883 1918 3930 et
1947 3874 2049 3930 iam
2080 3874 2189 3931 Ps:
2233 3873 2487 3932 Avarum
2517 3878 2550 3929 i.
2586 3891 2701 3930 non
2730 3890 2775 3930 s.
2803 3891 2865 3947 p.
2903 3875 2988 3932 De

676 3975 818 4014 mor.
867 3957 985 4015 101
1173 3957 1294 4017 287
1341 3959 1438 4016 Ps.
1481 3956 1604 4016 Sen.
1651 3958 1717 4015 de
1755 3958 1935 4016 henes.
1984 3958 2052 4031 1,
2086 3957 2155 4031 2,
2192 3958 2259 4031 1,
2304 3957 2395 4015 ubi
2436 3958 2711 4033 praecedit
2752 3974 2986 4016 versus:

687 4040 976 4099 ‘Beneficia
1017 4044 1071 4099 in
1112 4042 1310 4118 vulgus
1352 4060 1474 4100 cum
1516 4042 1701 4119 largiri
1743 4043 2102 4116 institueris',
2145 4059 2304 4117 quem
2336 4051 2392 4100 et
2430 4045 2607 4118 ipsum
2636 4044 2841 4119 recepit
2870 4043 2989 4100 Bo-

682 4128 835 4184 thius
1019 4126 1141 4186 288
1187 4128 1255 4185 F.
1441 4126 1562 4187 289
1612 4128 1712 4185 Go.
1747 4128 1871 4185 Sen.
1902 4128 1968 4184 de
1999 4129 2150 4185 clem.
2188 4128 2247 4201 1,
2280 4128 2339 4199 3,
2372 4128 2408 4185 3
2594 4127 2718 4185 290
2761 4128 2869 4185 Bo.
2902 4127 2993 4186 Ex

678 4211 972 4287 proverbio
1004 4229 1202 4288 graeco
1235 4230 1320 4288 ap.
1356 4212 1555 4270 Erasm.
1587 4213 1756 4288 Adag.
1790 4212 1849 4284 3,
1883 4212 1941 4285 3,
1974 4212 2052 4270 37
2229 4212 2350 4270 291
2400 4212 2465 4282 Q.
2499 4211 2989 4271 Caec.Balb.Pa1·.

687 4299 744 4368 7,
778 4316 871 4391 pg.
909 4298 988 4355 38
1128 4296 1249 4356 292
1297 4299 1405 4357 Bo.
1442 4298 1596 4356 Hom.
1634 4296 1731 4354 Od.
1769 4297 1867 4371 17,
1900 4297 2019 4353 217
2054 4283 2131 4365 ὦς
2159 4291 2273 4353 αἰεὶ
2302 4284 2405 4353 τὸν
2436 4283 2643 4371 ὁμοῖον
2672 4283 2804 4373 ἄγει
2833 4284 2993 4368 θεὸς

681 4369 764 4450 ὥς
805 4369 912 4439 τὸν
956 4375 1166 4457 ὁμοῖον
1340 4383 1461 4442 293
1510 4383 1572 4453 Q.
1607 4382 1732 4440 Sen.
1779 4384 1938 4458 epist.
1981 4380 2095 4456 47,
2128 4380 2182 4440 5.
2230 4381 2423 4440 Festus
2467 4402 2512 4440 s.
2557 4399 2606 4438 v.
2648 4381 2791 4451 Quot
2831 4386 2991 4443 servi

849 4466 970 4525 294
1015 4469 1086 4526 F.
1117 4467 1194 4526 ct.
1229 4485 1390 4544 supra
1421 4486 1515 4544 pg.
1553 4469 1697 4541 100,
1730 4468 1808 4527 63
1961 4465 2083 4525 295
2128 4467 2199 4526 F.
