3209 5184
1227 440 1775 488 PROLEGOMENA.
2572 428 2643 489 11

351 595 530 677 liret,
577 594 793 658 mimis
827 594 1176 658 inserebat.
1264 593 1518 682 Itaque,
1568 597 1680 681 qui
1710 587 1971 660 domum
2000 594 2248 682 aliquid
2280 618 2364 660 ex
2395 597 2647 663 theatro

352 698 603 762 referre
647 694 877 778 vellet,
937 695 1250 779 habebat,
1310 696 1483 782 quod.
1528 706 1794 784 propter
1839 696 2105 761 brev‘em
2147 699 2466 764 ambitum
2511 722 2646 763 cer-

352 810 590 886 tosque
627 798 996 862 iamborum
1039 797 1575 863 trochaeorumve
1614 801 1780 863 ictus
1811 799 2080 863 auribus
2112 799 2305 864 facile
2335 801 2649 865 insideret

352 904 706 986 animoque
768 899 1163 987 insculptum
1227 909 1539 965 maneret.
1628 900 1721 964 Iis
1779 902 2119 965 sententiis
2177 902 2306 966 iam
2361 904 2649 988 Augusti
2695 972 2700 981 ,

352 1003 758 1092 temporibus
803 1010 1021 1066 tantus
1067 1002 1137 1065 in
1180 1002 1509 1067 rhetorum
1553 1002 1793 1068 scholis
1838 1002 2101 1068 habitus
2149 1013 2247 1068 est
2291 1005 2531 1087 honor,
2577 1016 2649 1071 ut

355 1103 703 1192 discipulis
749 1103 1047 1190 exemplo
1093 1105 1714 1197 paroponerentur*),
1757 1113 2066 1191 tantaque
2110 1127 2332 1170 earum
2376 1106 2503 1173 fuit
2538 1107 2649 1171 ad-

354 1210 618 1274 miratio
663 1207 833 1271 inter
875 1205 1432 1290 adulescentulos,
1476 1216 1550 1271 ut
1593 1207 1944 1272 verborum
1986 1206 2242 1272 aculeos
2289 1217 2353 1272 et
2394 1231 2646 1274 mucro-

352 1334 509 1393 nes,
553 1310 907 1389 antitheta,
952 1306 1412 1373 translationes
1459 1309 1804 1395 variosque
1848 1307 2096 1374 colores
2144 1309 2380 1374 imitati
2422 1310 2506 1374 ad
2551 1314 2648 1375 in-

354 1414 608 1479 saniam
674 1432 879 1497 usque
934 1409 1414 1496 detorquerent.
1503 1408 1719 1473 Huius
1774 1410 2155 1475 sententiosi
2209 1413 2469 1496 generis
2528 1423 2647 1495 est,

351 1513 668 1603 quicquid
713 1513 849 1576 fere
893 1533 1202 1576 versuum
1244 1509 1765 1575 Publilianorum
1809 1534 1849 1575 a
1903 1510 2230 1578 Senecis
2292 1524 2519 1600 patre
2569 1525 2645 1578 et

353 1620 388 1683 s
394 1617 543 1684 ilio
587 1616 871 1696 affertur,
917 1613 1035 1677 sed.
1080 1614 1477 1699 memoriter,
1521 1612 1695 1699 quod.
1726 1635 1811 1677 ex
1841 1613 1990 1678 Sen.
2024 1623 2317 1680 controv.
2350 1638 2460 1703 pg.
2494 1618 2644 1699 206,

353 1723 398 1784 4
445 1741 542 1806 sq.
589 1718 777 1781 BurS.
824 1715 1240 1803 perspicuum
1286 1724 1405 1779 est.
1494 1714 1750 1779 Pariter
1796 1714 2107 1779 Senecam
2163 1716 2645 1803 philosophum,

356 1844 525 1909 quos
580 1818 873 1883 laudavit
927 1815 1286 1881 versiculos
1339 1838 1469 1881 non
1525 1838 1607 1879 ex
1663 1816 1852 1880 libris
1899 1816 2359 1904 descripsisse,
2418 1819 2535 1883 sed
2580 1820 2649 1882 in

355 1923 611 1989 theatro
655 1910 989 1984 audivisse
1033 1919 1238 2007 ipsius
1283 1918 1487 1982 verba
1529 1927 1753 2005 aperte
1798 1918 2103 2006 produnt,
2150 1921 2339 2005 epist.
2393 1921 2535 2004 108,
2582 1922 2644 1986 8.

356 2026 429 2089 9:
495 2022 725 2088 Nonne
777 2024 974 2099 viole&
1041 2022 1559 2102 quemadmodum
1625 2021 1871 2085 theatra
1936 2027 2294 2100 consonent,
2366 2025 2647 2103 quotiens

354 2128 581 2208 aliqua
633 2128 801 2190 dieta
850 2128 1024 2203 sunt,
1091 2144 1252 2204 quae
1300 2123 1549 2205 publice
1603 2123 2001 2204 aynoseimus
2044 2128 2101 2187 et
2142 2144 2443 2188 consensu
2484 2147 2636 2190 vera

356 2251 486 2296 esse
529 2227 880 2293 testamur?

806 2343 1036 2401 Desunt
1077 2342 1309 2414 inopiae
1350 2342 1566 2409 multa,
1613 2342 1899 2400 avaritiae
1942 2343 2158 2400 omnia.

356 2476 520 2540 ibid.
545 2479 584 2556 ξ
617 2475 721 2537 12:
773 2471 933 2538 Oum
960 2473 1110 2537 haee
1140 2475 1324 2569 atque
1352 2472 1656 2535 eiusmodi
1685 2472 1984 2564 audimus
2006 2476 2109 2536 ete.
2159 2472 2372 2560 Epist.
2399 2474 2503 2555 94,
2528 2474 2646 2538 43:

851 2612 946 2673 Ab
991 2614 1105 2673 alio
1149 2618 1425 2687 expectes,
1470 2613 1642 2673 alteri
1683 2613 1837 2686 quod
1877 2614 2094 2684 feceris.

354 2748 543 2812 Haec
600 2769 740 2811 eum
798 2745 1261 2826 ietu‘·⁴quodam
1314 2745 1614 2808 audimus
1666 2748 1770 2808 ete.
1863 2741 2094 2822 Quid?
2163 2744 2336 2830 quod
2402 2745 2651 2811 Seneca

351 2850 585 2914 rhetor
626 2858 700 2913 ut
744 2845 1015 2912 Publilii
1061 2846 1449 2912 sententiam
1492 2845 1663 2909 hanc
1704 2842 1960 2908 attulit:

810 2989 1041 3047 Desunt
1083 2989 1352 3047 luoeure’ae
1393 2989 1609 3065 multa,
1655 2988 1941 3045 avaritiae
1983 2982 2227 3056 omnia,⁸

352 3123 474 3210 qui
519 3119 693 3183 idem
738 3139 967 3182 versus
1011 3118 1080 3181 in
1124 3117 1366 3182 nostris
1410 3116 1747 3182 codicibus
1794 3116 1888 3179 sic
1930 3115 2212 3180 traditus
2258 3127 2393 3180 est:

573 3254 821 3326 Inopiae
853 3269 1049 3324 parva
1096 3249 1240 3328 (leg.
1276 3248 1501 3327 pauca)
1550 3252 1788 3322 desunt,
1834 3254 2118 3313 avaritiae
2161 3253 2376 3309 omnia.

354 3385 499 3465 Qui
546 3383 878 3446 dissensus
921 3378 1097 3444 haud.
1128 3382 1262 3445 seio
1292 3403 1378 3444 an
1406 3381 1498 3445 ita
1530 3381 1958 3469 explicandus
1993 3383 2098 3462 sit,
2145 3389 2216 3444 ut
2246 3389 2358 3444 aut
2388 3379 2640 3466 lapsum

353 3486 712 3551 memoriae
766 3482 1035 3548 subesse
1078 3491 1191 3546 aut
1234 3481 1583 3547 histriones
1630 3485 1835 3549 verba
1883 3507 1998 3549 suo
2043 3482 2313 3546 arbitrio
2359 3483 2650 3546 variasse

354 3597 744 3652 statuamus,
1344 3572 1353 3581 ’

529 3689 620 3753 Ut
662 3696 881 3751 autem
922 3687 993 3749 in
1035 3685 1319 3751 Senecae
1368 3686 1740 3774 philosophi
1784 3687 1972 3751 libris
2018 3684 2221 3750 multa
2266 3693 2497 3748 extant
2540 3707 2650 3772 pa-

353 3802 585 3855 ternae
641 3788 1025 3876 disciplinae
1080 3787 1393 3872 vestigia,
1452 3796 1524 3851 ut
1578 3787 1686 3851 vel
1742 3790 1812 3851 in
1870 3787 2061 3852 rebus
2120 3787 2389 3850 minutis
2445 3788 2650 3873 patris

355 3889 734 3978 exemplum
789 3888 1339 3976 expresserit**),
1405 3890 1498 3953 ita
1550 3890 1825 3953 mirifice
1886 3890 2266 3971 concinunt,
2324 3910 2490 3974 quae
2540 3886 2651 3951 ille

353 4016 470 4081 pg.
516 3993 672 4074 206,
723 3993 797 4055 11
857 3991 1157 4055 Cassium
1214 3989 1529 4055 Severum
1584 3990 1668 4053 de
1723 3988 2009 4055 Publilio
2066 3972 2393 4053 dicentem
2452 3988 2644 4051 facit:

355 4095 562 4160 multa
607 4095 782 4176 apud
821 4114 962 4158 eum
1005 4093 1227 4157 melius
1269 4112 1394 4157 esse
1437 4088 1633 4171 dieta,
1682 4112 1876 4173 quam
1920 4093 2095 4174 apud
2136 4112 2513 4173 quemquam
2555 4112 2647 4155 eo-

498 4228 554 4297 *)
593 4231 720 4284 Seu.
758 4232 897 4281 rhet.
934 4233 1051 4292 202,
1086 4232 1151 4279 24
1190 4231 1345 4280 Burs.
1383 4227 1776 4280 Publilianum
1812 4227 1984 4292 dedit,
2019 4232 2137 4292 211,
2165 4231 2231 4278 24
2266 4224 2651 4278 Publilianam

353 4314 690 4368 sententiam
726 4311 881 4366 dedit
916 4312 1118 4365 Festus
1153 4312 1383 4380 quidam
1416 4316 1618 4365 orator.

460 4399 551 4463 **)
591 4400 971 4451 Animadverti
1007 4415 1093 4448 ex.
1130 4415 1210 4463 gr.
1245 4403 1533 4463 utrumque
1572 4400 1908 4450 abstinuisse
1935 4398 2203 4449 vocabulo
2231 4394 2349 4461 etsi,
2387 4403 2443 4448 et
2474 4398 2649 4449 vitan-

362 4487 470 4537 dae
509 4485 884 4552 amphiboliae
922 4498 1095 4537 causa
1129 4483 1464 4549 praetulisse
1502 4481 1735 4537 etiamsi.
