3209 5184
625 438 708 501 56
1448 426 1455 447 ⁴
1497 456 2044 533 PROPEGOMENA.

888 613 936 673 Ο
978 616 1138 675 chalce
1179 621 1544 685 tormentum,
1589 634 1770 689 aequo
1812 617 1917 676 ubi
1957 618 2294 689 reprimitur
2331 617 2618 692 qaudium

631 746 912 812 editores
969 746 1339 811 inversione
1392 747 1662 809 minime
1716 744 2084 810 Publiliana
2140 746 2574 830 (Tormentum
2631 769 2667 811 o
2710 749 2910 833 dulce)

628 858 834 911 metro
893 846 1389 929 consuluerunt,
1444 848 1662 933 ignari
1716 869 1944 911 vocem
2001 869 2196 930 aequo
2249 869 2334 912 ex
2378 870 2573 913 versu
2619 850 2915 935 sequenti

630 947 798 1012 male
854 947 982 1013 h'uc
1034 957 1380 1013 retractam
1439 971 1617 1032 esse,
1677 971 1804 1035 qua
1848 948 2061 1013 deleta
2105 951 2430 1013 senarium
2474 951 2543 1013 in
2586 952 2913 1036 integrum

627 1052 992 1116 restituisse
1036 1050 1197 1114 mihi
1239 1050 1490 1114 videor.
2401 1052 2406 1083 ¹

798 1153 865 1239 2)
910 1154 1018 1217 Ad
1064 1151 1513 1239 prosodiam
1568 1164 1640 1218 ut
1686 1163 2121 1236 transeamus,
2184 1175 2391 1242 pauca
2441 1157 2721 1241 primum
2777 1178 2914 1220 mo-

630 1255 848 1319 nenda
903 1264 1054 1320 sunt
1110 1255 1191 1318 de
1237 1254 1559 1320 vocalium
1605 1256 1986 1343 quantitate.
2076 1255 2165 1321 Et
2220 1255 2288 1319 in
2334 1258 2606 1343 perfecti
2651 1255 2916 1343 quidem

632 1378 909 1445 persona
963 1358 1159 1421 tertia
1214 1355 1382 1445 plur.
1431 1359 1544 1442 (-
1585 1357 1799 1444 erunt)
1844 1380 1876 1421 e
1930 1359 2167 1444 corripi
2205 1378 2417 1444 ,posse
2473 1359 2592 1421 vix
2646 1358 2917 1423 dubium

630 1458 882 1541 faciunt
935 1480 999 1520 v.
1058 1457 1141 1522 90
1196 1458 1514 1544 (oderunt)
1585 1467 1649 1523 et
1704 1457 2006 1545 exempla
2063 1457 2312 1546 aliquot
2365 1459 2744 1544 Vergiliana
2799 1460 2915 1543 (cf.

635 1560 979 1644 Forbigeri
1034 1558 1254 1625 adnot.
1310 1560 1394 1624 ad
1441 1561 1638 1646 Verg.
1686 1559 1915 1645 Eclog.
1960 1562 2034 1643 4,
2082 1561 2227 1645 61),
2285 1562 2378 1624 ita
2418 1570 2492 1624 ut
2536 1585 2599 1626 v.
2645 1562 2769 1627 555
2813 1546 2916 1626 ἀέ-

629 1663 981 1746 fenderunt,
1027 1683 1092 1724 v:
1141 1662 1265 1726 609
1312 1663 1701 1728 abstulerunt
1751 1684 1790 1726 a
1834 1662 2139 1749 prosodia
2181 1664 2555 1750 impugnari
2596 1685 2726 1727 non
2766 1685 2916 1750 pos-

634 1766 786 1831 sint.
873 1763 1156 1829 Alterius
1222 1763 1337 1847 (cf.
1394 1762 1740 1828 Ritschelii
1807 1785 2026 1849 opusc.
2082 1765 2155 1846 2,
2202 1765 2327 1828 662
2382 1763 2553 1851 sqq.)
2614 1774 2919 1850 quattuor

634 1866 794 1931 locis
840 1867 1153 1948 occurrit3
1199 1887 1264 1929 v·
1310 1866 1455 1929 297.
1502 1866 1650 1930 372.
1694 1865 1820 1930 543
1865 1876 2162 1953 correpta
2203 1869 2256 1945 i,
2303 1877 2377 1931 ut
2420 1889 2484 1929 V.
2531 1866 2616 1931 50
2659 1889 2918 1953 quoque

636 1970 902 2031 eandem
949 1988 1088 2030 esse
1131 1965 1375 2032 vocalis
1407 1968 1834 2053 quantitatem
1874 1967 2016 2031 iure
2060 1977 2327 2032 statuas.
2369 1998 2374 2007 ⁴
2420 1969 2580 2047 Tibi,
2626 1970 2762 2047 sibi,
2807 1970 2916 2047 ibi,

635 2071 772 2150 ubi,
819 2067 1148 2151 ultimam,
1198 2090 1391 2155 quam
1434 2070 1842 2153 grammatici
1887 2070 2238 2157 ancipitem
2285 2090 2427 2133 esse
2472 2070 2728 2154 docent,
2772 2069 2917 2134 ubi-

636 2193 761 2259 que
811 2170 1081 2236 brevem
1126 2171 1400 2253 habent,
1461 2192 1585 2258 quo
1644 2171 1994 2235 concidunt
2036 2170 2386 2236 nonnullae
2432 2173 2835 2237 coniecturae
2878 2195 2921 2235 a

636 2275 798 2338 viris
845 2273 1051 2338 doctis
1097 2272 1411 2360 prolatae,
1496 2273 1752 2336 Pariter
1794 2276 1909 2337 cito
1953 2274 2083 2337 nisi
2124 2273 2312 2338 brevi
2342 2272 2570 2337 ultima
2598 2295 2727 2338 non
2756 2271 2918 2357 legi·

635 2387 771 2459 tur,
840 2374 1015 2440 unde
1071 2374 1306 2439 falsam
1363 2397 1505 2439 esse
1575 2374 1859 2439 efficitur
1914 2374 2176 2439 Erasmi
2241 2381 2670 2441 coniecturam
2723 2374 2806 2439 ad
2850 2397 2921 2437 v.

635 2479 762 2544 380
803 2478 1221 2566 propositam.
1311 2476 1415 2542 Cf.
1460 2486 1794 2564 praeterea
1836 2475 1922 2540 ad
1965 2499 2030 2540 v.
2078 2477 2179 2542 91.
2224 2478 2371 2542 469.
2417 2477 2563 2542 656.

809 2579 913 2644 De
957 2577 1229 2665 syllabis
1285 2579 1607 2666 positione
1664 2578 1877 2663 longis
1931 2580 2259 2643 monuisse
2304 2579 2586 2644 sufficiat
2629 2576 2927 2642 vocalem

522 2675 539 2682 “
639 2682 906 2746 brevem
951 2679 1373 2766 sequentibus
1418 2679 1651 2745 litteris
1689 2702 1777 2763 yn
1822 2679 2193 2767 produci*),
2241 2680 2480 2767 corripi
2521 2689 2736 2745 autem
2768 2688 2930 2744 ante

639 2806 707 2848 er
752 2791 816 2847 et
859 2788 934 2846 tr.
1026 2780 1204 2846 Hinc
1260 2791 1530 2869 apparet
1585 2780 1756 2847 falso
1800 2780 2062 2847 dedisse
2105 2781 2416 2846 Bothium
2458 2804 2523 2844 v.
2569 2782 2692 2847 358
2737 2783 2930 2846 lacri-

639 2887 788 2966 mis,
846 2894 1022 2950 recte
1077 2884 1430 2950 Gruterum
1484 2906 1549 2947 v.
1595 2884 1721 2949 353
1779 2884 2074 2949 meretrix
2129 2894 2193 2947 et
2248 2904 2414 2969 quae
2468 2893 2618 2948 sunt
2662 2882 2930 2948 similia.

640 2986 823 3053 Haec
869 2997 932 3052 et
976 2986 1047 3051 id
1089 3008 1295 3072 genus
1340 2985 1489 3070 alia,
1535 2985 1743 3050 veluti
1787 2985 2111 3073 synizesis
2142 2995 2205 3050 et
2249 3006 2572 3072 syncopae
2603 2983 2930 3071 exempla,

643 3091 750 3155 cui
808 3087 1193 3174 singillatim
1238 3089 1538 3175 persequi
1580 3087 1879 3165 libuerit,
1937 3085 2390 3173 percommode
2433 3086 2648 3150 indice
2690 3076 2932 3150 verbo-

639 3215 786 3256 rum
826 3191 925 3255 uti
968 3191 1243 3278 poterit,
1290 3212 1482 3278 quem
1528 3190 1802 3259 editioni
1845 3197 2104 3253 nostrae
2148 3187 2626 3254 subiunximus.
2712 3187 2934 3267 Faeni

642 3294 904 3379 negotio
950 3292 1244 3357 inveniet
1272 3290 1632 3356 Publilium
1677 3291 1919 3378 ubique
1962 3313 2152 3356 usum
2197 3312 2340 3355 esse
2371 3290 2578 3355 forma
2595 3291 2931 3374 periclum,

644 3394 847 3461 Gellii
892 3403 957 3458 et
999 3394 1391 3481 optimorum
1436 3393 1733 3457 codicum
1775 3393 2159 3457 auctoritate
2205 3391 2602 3476 confirmata,
2647 3391 2937 3477 ideoque

642 3500 868 3584 utique
933 3493 1379 3583 recipiendam
1447 3495 1656 3560 fuisse
1722 3493 2077 3560 Ribbeckii
2154 3495 2593 3559 coniecturam
2647 3514 2712 3571 y.
2765 3492 2935 3576 6253

602 3598 920 3683 ›videbit,
952 3576 1093 3663 setsi
1136 3598 1206 3662 in
1236 3596 1564 3684 plerisque
1595 3595 1931 3662 codicibus
1965 3598 2278 3683 scriptum
2308 3604 2406 3660 est
2435 3597 2616 3674 nihil,
2664 3593 2938 3657 restitui

640 3710 861 3793 tamen
919 3700 1226 3766 debuisse
1270 3701 1366 3765 nil
1418 3698 1527 3764 vel
1568 3699 1834 3765 iubente
1879 3699 2281 3764 senariorum
2324 3696 2469 3782 lege
2514 3695 2620 3760 vel
2663 3704 2942 3783 propter

644 3802 838 3866 metri
885 3801 1297 3887 elegantiam,
1344 3823 1409 3864 v.
1456 3802 1516 3865 6.
1565 3809 1630 3865 et
1673 3801 1820 3884 239,
1867 3822 1949 3864 ne
1993 3802 2064 3865 in
2107 3798 2406 3863 versibus
2451 3796 2750 3862 iambicis
2794 3807 2939 3861 tres

648 3913 1039 3991 quattuorve
1083 3901 1333 3989 dactyli
1363 3912 1839 3968 concurrerent.
1930 3900 2144 3967 Simili
2175 3901 2256 3965 de
2288 3922 2483 3964 causa
2512 3922 2577 3963 v.
2611 3901 2646 3965 7
2651 3900 2693 3963 2
2721 3898 2942 3965 forma

646 4008 804 4086 nisi,
864 4025 1030 4093 quae
1074 4003 1357 4069 librariis
1412 3990 1623 4089 magis
1667 4014 1823 4069 nota
1865 4006 1935 4069 in
1980 4001 2315 4068 codicibus
2360 4000 2755 4090 praevaluit,
2814 4021 2940 4065 ex-

647 4105 1058 4205 terminanda
1100 4106 1228 4172 fuit
1269 4107 1571 4172 restituta
1614 4109 1704 4187 ni,
1752 4106 2109 4192 eademque
2140 4103 2391 4168 medela
2422 4101 2943 4171 commendanda

647 4213 717 4276 in
763 4235 825 4277 v.
869 4209 1016 4276 427.

783 4416 837 4479 *)
873 4419 938 4470 V.
965 4419 1064 4469 442
1100 4421 1331 4468 metrum
1369 4396 1671 4485 respuebat
1706 4416 1929 4467 facilem
1966 4417 2367 4468 coniecturam:
2419 4411 2610 4468 Occidi
2635 4409 2946 4477 pulchrum

649 4502 744 4563 est,
780 4498 875 4552 ubi
910 4499 1221 4569 ignominia
1255 4499 1478 4553 servias,
