3209 5184
659 470 743 536 52
1536 483 2082 546 RROLEGOMENA.

659 663 847 704 suum
878 640 1162 729 speciem
1190 638 1649 704 assimilarent.
1720 639 1902 719 Quas
1932 637 2243 703 facillime
2274 660 2611 724 agnoscas,
2660 638 2774 704 ubi
2805 661 2958 704 ver-

655 765 765 807 sus
800 742 1250 829 'interpretans
1297 740 1740 806 Publilianum
1784 743 2005 806 statim
2050 742 2490 827 subsequitur,
2536 750 2610 805 ut

908 891 1010 939 304
1049 883 1177 943 Lex
1216 886 1368 943 videt
1407 886 1647 953 iratum,
1693 887 1883 943 iratus
1924 886 2101 960 leqem
2143 901 2265 943 nou
2305 884 2472 942 videt.

909 992 1008 1041 305
1051 985 1265 1062 Leyem
1307 985 1449 1045 sole‘t
1491 987 1743 1046 oblivisci
1784 987 2112 1044 iracundia.

912 1091 1009 1142 198
1055 1086 1314 1149 Gravius
1356 1090 1579 1148 malum
1622 1106 1791 1147 omne
1834 1093 1933 1156 est,
1979 1089 2131 1161 quod
2170 1088 2280 1146 sub
2313 1091 2559 1163 aspectu
2603 1089 2752 1147 latet.

906 1197 1008 1245 200
1053 1188 1306 1255 Gravior
1348 1195 1428 1249 est
1469 1192 1763 1258 inimicae,
1804 1186 1811 1267 Ι
1852 1192 1953 1263 qui
1988 1190 2123 1248 latet
2163 1192 2231 1247 iat
2262 1194 2507 1262 pectore.

654 1321 876 1385 Possis
935 1322 1131 1386 etiam
1185 1322 1358 1385 inter
1419 1343 1488 1385 se
1549 1318 1945 1387 contendere
2001 1341 2066 1383 v.
2111 1319 2194 1384 52
2242 1328 2306 1383 et
2349 1319 2462 1401 57,
2528 1319 2647 1384 188
2694 1327 2759 1382 et
2806 1320 2957 1400 190,

651 1420 780 1486 524
825 1431 888 1486 et
930 1422 1078 1505 540,
1126 1423 1251 1487 603
1297 1432 1361 1487 et
1404 1423 1550 1486 611.

820 1523 1037 1609 Magis
1073 1521 1327 1588 lubrica
1356 1524 1467 1588 via
1499 1522 1757 1607 editori,
1803 1523 1919 1587 ubi
1948 1523 2374 1625 interpolator
2404 1525 2686 1639 primum
2717 1544 2957 1587 versus

654 1623 1049 1690 vocabulum
1094 1628 1412 1708 mutavit,
1458 1625 1765 1690 librarius
1811 1635 2071 1711 postea,
2120 1648 2264 1689 cum
2311 1626 2527 1691 omnia
2571 1624 2656 1689 ad
2699 1623 2955 1688 littera-

652 1738 798 1791 rum
857 1726 1154 1791 ordinem
1208 1737 1582 1812 revocaret,
1643 1750 1758 1792 suo
1814 1730 1955 1829 loco
2000 1729 2376 1812 inseruit*).
2466 1726 2660 1806 Quod
2703 1726 2957 1791 facturn

652 1850 795 1893 esse
841 1828 1096 1894 credo
1078 1853 1147 1892 m

862 1990 914 2026 v.
946 1978 1045 2027 392
1091 1971 1300 2031 Nimia
1344 1974 1697 2031 comedendo
1740 1973 2034 2032 interdum
2076 1974 2322 2032 stultitia
2360 1974 2447 2045 fit.
2498 1972 2637 2031 coll.
2670 1990 2730 2033 V.

951 2080 1049 2129 180
1092 2074 1377 2133 Facilitas
1420 2076 1612 2133 nimia
1656 2075 1735 2133 ad
1765 2079 1993 2147 partem
2040 2075 2318 2133 stultitiae
2358 2076 2532 2147 rapu.

947 2182 1046 2230 278
1091 2176 1400 2235 Interdum
1444 2177 1612 2235 habet
1654 2178 1931 2235 stultitiae
1963 2180 2198 2250 partem
2238 2175 2510 2248 facilitas

651 2305 761 2369 vel
804 2314 1071 2393 propter
1116 2308 1468 2393 pessimum
1513 2308 1717 2370 ictum
1764 2307 1945 2370 vocis
1991 2307 2385 2371 concedendo,
2463 2305 2565 2369 Cf.
2614 2304 2698 2368 ad
2744 2326 2810 2368 v.
2843 2305 2954 2369 83.

652 2407 801 2471 141.
852 2407 993 2472 165.
1041 2407 1122 2471 86
1171 2417 1233 2472 et
1275 2407 1423 2472 439.
1512 2407 1794 2473 Versum
1838 2408 1963 2473 252

1136 2549 1370 2609 Iactum
1412 2551 1653 2609 tacendo
1698 2553 1917 2609 crimen
1956 2549 2148 2622 facias
2186 2552 2382 2609 aerius

651 2688 866 2743 ortum
912 2700 1055 2744 esse
1100 2681 1451 2767 suspiceris
1499 2701 1584 2743 ex
1626 2702 1690 2748 v.
1736 2681 1858 2744 331

821 2776 851 2805 0

991 2805 1371 2881 Maledictum
1414 2824 1849 2896 interpretando
1893 2824 2113 2880 crimen
2152 2822 2344 2895 facias
2386 2825 2599 2891 aeriae,

658 2961 722 3016 et
768 2952 1297 3039 interpolatorem
1342 2953 1684 3040 scripsisse
1715 2950 1975 3016 Dictum
2017 2954 2312 3018 iactando
2358 2954 2465 3017 vel
2495 2953 2804 3018 lactando
2840 2954 2960 3034 fa-

654 3060 835 3139 ctum.
926 3055 1015 3119 Et
1070 3054 1179 3117 hic
1234 3064 1494 3118 vastum
1552 3063 1773 3141 patere
1828 3055 2053 3118 critico
2111 3076 2435 3141 campum,
2500 3056 2643 3142 quis
2688 3064 2788 3118 est
2832 3058 2961 3140 qui

653 3153 898 3240 neget?
964 3156 1141 3242 ipse,
1201 3165 1274 3221 ut
1330 3156 1492 3220 mihi
1553 3166 1946 3239 constarem,
2006 3155 2186 3219 nolui
2242 3158 2458 3221 omnia
2511 3156 2804 3239 turbare,
2862 3179 2962 3222 ne

644 3256 876 3320 lectori
921 3255 1155 3320 falsam
1202 3256 1499 3321 codicum
1544 3257 1897 3343 imaginem
1940 3268 2513 3345 repraesentarem.

787 3445 841 3510 ³²)
882 3448 1041 3509 Quae
1078 3448 1140 3497 in
1179 3448 1432 3499 versibus
1458 3448 1809 3514 interpolatis
1837 3450 2065 3499 concedi
2087 3453 2273 3514 potest
2296 3449 2748 3515 transpositionis
2773 3449 2963 3500 licen-

662 3532 763 3596 tia,
803 3532 873 3581 ad
912 3532 1141 3583 eandem
1179 3550 1477 3599 provocare
1515 3549 1621 3583 non
1660 3534 1819 3596 licet,
1867 3535 1962 3583 ubi
2002 3536 2188 3599 agitur
2225 3534 2291 3584 de
2328 3534 2619 3585 vocabulis
2653 3536 2961 3600 corruptis,

646 3617 735 3669 cf.
773 3604 1068 3668 Ritschelii
1116 3634 1305 3684 opusc.
1343 3622 1399 3682 2,
1436 3621 1550 3669 665.
1624 3620 1907 3683 Nusquam
1952 3621 2122 3685 igitur
2157 3623 2336 3685 prima
2373 3635 2628 3669 versuum
2666 3619 2962 3672 vocabula

645 3703 729 3750 ita
770 3702 1214 3766 emendavimuS,
1264 3709 1326 3753 ut
1362 3704 1549 3755 litteia
1585 3704 1820 3756 initialis
1866 3710 2193 3770 mutaretur,
2238 3721 2307 3755 ne
2344 3706 2400 3753 in
2435 3703 2685 3756 versibus
2722 3704 2961 3767 quidem

641 3789 671 3836 9
711 3791 766 3836 et
813 3788 937 3849 138,
996 3803 1129 3851 quos
1179 3789 1334 3838 malit
1398 3791 1524 3854 quis
1578 3792 1804 3841 mutatis
1834 3784 2074 3841 sedibus
2121 3791 2176 3840 in
2226 3790 2382 3842 codd.
2420 3790 2557 3855 legi:
2613 3789 2960 3843 facillimum

641 3872 780 3921 enim
822 3877 971 3922 esset
1012 3879 1068 3923 et
1104 3889 1155 3924 v.
1182 3875 1213 3923 9
1253 3874 1548 3926 emendare
1586 3871 1887 3940 Despicere
1923 3872 2072 3944 (libri
2107 3873 2411 3942 Aspicere)‚
2449 3892 2500 3928 v.
2530 3876 2626 3926 138
2660 3870 2964 3928 Amissum

639 3954 794 4021 (libri
830 3953 1182 4037 Dimissum).
