<?xml version="1.0" encoding="UTF-8"?>
<!DOCTYPE html PUBLIC "-//W3C//DTD XHTML 1.0 Transitional//EN"
    "http://www.w3.org/TR/xhtml1/DTD/xhtml1-transitional.dtd">
<html xmlns="http://www.w3.org/1999/xhtml" xml:lang="en" lang="en">
 <head>
  <title>
</title>
<meta http-equiv="Content-Type" content="text/html;charset=utf-8" />
  <meta name='ocr-system' content='tesseract 3.04.00' />
  <meta name='ocr-capabilities' content='ocr_page ocr_carea ocr_par ocr_line ocrx_word'/>
</head>
<body>
  <div class='ocr_page' id='page_1' title='image "./publiliisyrisen01martgoog_0163.png"; bbox 0 0 3209 5184; ppageno 0'>
   <div class='ocr_carea' id='block_1_1' title="bbox 861 437 2586 501">
    <p class='ocr_par' dir='ltr' id='par_1_1' title="bbox 861 437 2586 501">
     <span class='ocr_line' id='line_1_1' title="bbox 861 437 2586 501; baseline 0 -1"><span class='ocrx_word' id='word_1_1' title='bbox 861 453 1075 500; x_wconf 79' lang='lat' dir='ltr'>INTER</span> <span class='ocrx_word' id='word_1_2' title='bbox 1117 451 1582 500; x_wconf 80' lang='lat' dir='ltr'>PUBLILIANAS</span> <span class='ocrx_word' id='word_1_3' title='bbox 1627 450 2011 498; x_wconf 80' lang='lat' dir='ltr'><strong>RECEPTAE.</strong></span> <span class='ocrx_word' id='word_1_4' title='bbox 2465 437 2586 501; x_wconf 84' lang='lat'><strong>125</strong></span> 
     </span>
    </p>
   </div>
   <div class='ocr_carea' id='block_1_2' title="bbox 466 603 1935 895">
    <p class='ocr_par' dir='ltr' id='par_1_2' title="bbox 466 603 1935 895">
     <span class='ocr_line' id='line_1_2' title="bbox 466 603 1904 691; baseline -0.002 -22"><span class='ocrx_word' id='word_1_5' title='bbox 466 605 681 670; x_wconf 91' lang='lat' dir='ltr'>Homo</span> <span class='ocrx_word' id='word_1_6' title='bbox 725 615 945 670; x_wconf 85' lang='lat' dir='ltr'><strong>tacere</strong></span> <span class='ocrx_word' id='word_1_7' title='bbox 989 605 1103 691; x_wconf 89' lang='lat' dir='ltr'><strong>qui</strong></span> <span class='ocrx_word' id='word_1_8' title='bbox 1144 606 1377 687; x_wconf 87' lang='lat' dir='ltr'><strong>nescit,</strong></span> <span class='ocrx_word' id='word_1_9' title='bbox 1421 605 1632 670; x_wconf 90' lang='lat' dir='ltr'><strong>nescit</strong></span> <span class='ocrx_word' id='word_1_10' title='bbox 1675 603 1904 691; x_wconf 82' lang='lat' dir='ltr'><strong>loqui.-</strong></span> 
     </span>
     <span class='ocr_line' id='line_1_3' title="bbox 466 705 1732 793; baseline -0.002 -22"><span class='ocrx_word' id='word_1_11' title='bbox 466 707 763 772; x_wconf 89' lang='lat' dir='ltr'><strong>Honesta</strong></span> <span class='ocrx_word' id='word_1_12' title='bbox 803 707 981 770; x_wconf 89' lang='lat' dir='ltr'><strong>fama</strong></span> <span class='ocrx_word' id='word_1_13' title='bbox 1023 705 1254 771; x_wconf 90' lang='lat' dir='ltr'><strong>melior</strong></span> <span class='ocrx_word' id='word_1_14' title='bbox 1295 707 1571 793; x_wconf 88' lang='lat' dir='ltr'><strong>pecunia</strong></span> <span class='ocrx_word' id='word_1_15' title='bbox 1615 713 1732 770; x_wconf 91' lang='lat' dir='ltr'><strong>est.</strong></span> 
     </span>
     <span class='ocr_line' id='line_1_4' title="bbox 467 807 1935 895; baseline -0.001 -23"><span class='ocrx_word' id='word_1_16' title='bbox 467 808 764 873; x_wconf 83' lang='lat' dir='ltr'>Honesta</span> <span class='ocrx_word' id='word_1_17' title='bbox 807 808 919 872; x_wconf 86' lang='lat' dir='ltr'><strong>lex</strong></span> <span class='ocrx_word' id='word_1_18' title='bbox 965 817 1066 873; x_wconf 91' lang='lat' dir='ltr'><strong>est</strong></span> <span class='ocrx_word' id='word_1_19' title='bbox 1107 807 1419 895; x_wconf 90' lang='lat' dir='ltr'><strong>temporis</strong></span> <span class='ocrx_word' id='word_1_20' title='bbox 1464 807 1842 872; x_wconf 80' lang='lat' dir='ltr'><strong>necessitas.</strong></span> <span class='ocrx_word' id='word_1_21' title='bbox 1931 878 1935 882; x_wconf 48' lang='grc'><strong>,</strong></span> 
     </span>
    </p>
   </div>
   <div class='ocr_carea' id='block_1_3' title="bbox 256 909 2584 995">
    <p class='ocr_par' dir='ltr' id='par_1_3' title="bbox 256 909 2584 995">
     <span class='ocr_line' id='line_1_5' title="bbox 256 909 2584 995; baseline -0.001 -20"><span class='ocrx_word' id='word_1_22' title='bbox 256 935 261 942; x_wconf 93' lang='grc'><strong><em>·</em></strong></span> <span class='ocrx_word' id='word_1_23' title='bbox 304 919 427 977; x_wconf 90' lang='grc'><strong>160</strong></span> <span class='ocrx_word' id='word_1_24' title='bbox 468 909 827 976; x_wconf 83' lang='lat' dir='ltr'><strong>Honestius</strong></span> <span class='ocrx_word' id='word_1_25' title='bbox 860 918 959 974; x_wconf 91' lang='lat' dir='ltr'><strong>est</strong></span> <span class='ocrx_word' id='word_1_26' title='bbox 990 930 1136 973; x_wconf 91' lang='lat' dir='ltr'><strong>cum</strong></span> <span class='ocrx_word' id='word_1_27' title='bbox 1166 909 1563 975; x_wconf 83' lang='lat' dir='ltr'><strong>indicaveris</strong></span> <span class='ocrx_word' id='word_1_28' title='bbox 1593 929 1834 993; x_wconf 87' lang='lat' dir='ltr'><strong>amare,</strong></span> <span class='ocrx_word' id='word_1_29' title='bbox 1861 930 2055 995; x_wconf 89' lang='lat' dir='ltr'><strong>quam</strong></span> <span class='ocrx_word' id='word_1_30' title='bbox 2082 930 2232 974; x_wconf 89' lang='lat' dir='ltr'><strong>cum</strong></span> <span class='ocrx_word' id='word_1_31' title='bbox 2261 910 2584 973; x_wconf 88' lang='lat' dir='ltr'><strong>amaveris</strong></span> 
     </span>
    </p>
   </div>
   <div class='ocr_carea' id='block_1_4' title="bbox 304 1010 2584 3433">
    <p class='ocr_par' dir='ltr' id='par_1_4' title="bbox 304 1010 2584 3433">
     <span class='ocr_line' id='line_1_6' title="bbox 958 1010 1268 1076; baseline -0.006 -1"><span class='ocrx_word' id='word_1_32' title='bbox 958 1010 1268 1076; x_wconf 87' lang='lat' dir='ltr'><strong>iudicare.</strong></span> 
     </span>
     <span class='ocr_line' id='line_1_7' title="bbox 468 1113 1774 1195; baseline 0 -19"><span class='ocrx_word' id='word_1_33' title='bbox 468 1113 756 1179; x_wconf 88' lang='lat' dir='ltr'><strong>Humilis</strong></span> <span class='ocrx_word' id='word_1_34' title='bbox 803 1122 866 1178; x_wconf 92' lang='lat' dir='ltr'><strong>et</strong></span> <span class='ocrx_word' id='word_1_35' title='bbox 910 1114 1144 1195; x_wconf 83' lang='lat' dir='ltr'><strong>inertis</strong></span> <span class='ocrx_word' id='word_1_36' title='bbox 1190 1123 1287 1178; x_wconf 91' lang='lat' dir='ltr'><strong>est</strong></span> <span class='ocrx_word' id='word_1_37' title='bbox 1329 1121 1474 1177; x_wconf 90' lang='lat' dir='ltr'><strong>tuta</strong></span> <span class='ocrx_word' id='word_1_38' title='bbox 1518 1113 1774 1178; x_wconf 80' lang='lat' dir='ltr'><strong>sectari.</strong></span> 
     </span>
     <span class='ocr_line' id='line_1_8' title="bbox 468 1213 1912 1302; baseline -0.001 -23"><span class='ocrx_word' id='word_1_39' title='bbox 468 1214 552 1279; x_wconf 88' lang='lat' dir='ltr'><strong>Id</strong></span> <span class='ocrx_word' id='word_1_40' title='bbox 595 1237 770 1301; x_wconf 77' lang='lat' dir='ltr'><strong>agaS,</strong></span> <span class='ocrx_word' id='word_1_41' title='bbox 815 1237 899 1280; x_wconf 93' lang='lat' dir='ltr'><strong>ne</strong></span> <span class='ocrx_word' id='word_1_42' title='bbox 944 1215 1090 1302; x_wconf 90' lang='lat' dir='ltr'><strong>quis</strong></span> <span class='ocrx_word' id='word_1_43' title='bbox 1134 1223 1246 1279; x_wconf 92' lang='lat' dir='ltr'><strong>tuo</strong></span> <span class='ocrx_word' id='word_1_44' title='bbox 1290 1222 1357 1277; x_wconf 91' lang='lat' dir='ltr'><strong>te</strong></span> <span class='ocrx_word' id='word_1_45' title='bbox 1400 1216 1634 1279; x_wconf 83' lang='lat' dir='ltr'><strong>merito</strong></span> <span class='ocrx_word' id='word_1_46' title='bbox 1680 1213 1912 1278; x_wconf 87' lang='lat' dir='ltr'><strong>oderit.</strong></span> 
     </span>
     <span class='ocr_line' id='line_1_9' title="bbox 466 1316 1848 1402; baseline -0.002 -21"><span class='ocrx_word' id='word_1_47' title='bbox 466 1317 760 1401; x_wconf 84' lang='lat' dir='ltr'><strong>Ignavus</strong></span> <span class='ocrx_word' id='word_1_48' title='bbox 807 1317 983 1381; x_wconf 93' lang='lat' dir='ltr'><strong>omni</strong></span> <span class='ocrx_word' id='word_1_49' title='bbox 1029 1324 1240 1381; x_wconf 89' lang='lat' dir='ltr'><strong>cessat</strong></span> <span class='ocrx_word' id='word_1_50' title='bbox 1284 1316 1492 1380; x_wconf 91' lang='lat' dir='ltr'><strong>omnis</strong></span> <span class='ocrx_word' id='word_1_51' title='bbox 1538 1323 1848 1402; x_wconf 87' lang='lat' dir='ltr'><strong>tempore.</strong></span> 
     </span>
     <span class='ocr_line' id='line_1_10' title="bbox 467 1416 2285 1504; baseline -0.001 -22"><span class='ocrx_word' id='word_1_52' title='bbox 467 1417 654 1503; x_wconf 86' lang='lat' dir='ltr'><strong>Ignis</strong></span> <span class='ocrx_word' id='word_1_53' title='bbox 699 1418 933 1504; x_wconf 88' lang='lat' dir='ltr'><strong>probat</strong></span> <span class='ocrx_word' id='word_1_54' title='bbox 976 1440 1228 1499; x_wconf 86' lang='lat' dir='ltr'><strong>aurum,</strong></span> <span class='ocrx_word' id='word_1_55' title='bbox 1272 1418 1576 1481; x_wconf 83' lang='lat' dir='ltr'><strong>miseriae</strong></span> <span class='ocrx_word' id='word_1_56' title='bbox 1620 1416 1854 1482; x_wconf 89' lang='lat' dir='ltr'><strong>fortem</strong></span> <span class='ocrx_word' id='word_1_57' title='bbox 1898 1416 2214 1504; x_wconf 68' lang='lat' dir='ltr'><strong>probant:</strong></span> <span class='ocrx_word' id='word_1_58' title='bbox 2280 1459 2285 1462; x_wconf 96' lang='lat'>-</span> 
     </span>
     <span class='ocr_line' id='line_1_11' title="bbox 520 1517 1855 1604; baseline 0 -23"><span class='ocrx_word' id='word_1_59' title='bbox 520 1519 832 1604; x_wconf 85' lang='lat' dir='ltr'><strong>Ignoscas</strong></span> <span class='ocrx_word' id='word_1_60' title='bbox 877 1519 1025 1584; x_wconf 89' lang='lat' dir='ltr'><strong>aliis</strong></span> <span class='ocrx_word' id='word_1_61' title='bbox 1069 1518 1294 1601; x_wconf 84' lang='lat' dir='ltr'><strong>multa,</strong></span> <span class='ocrx_word' id='word_1_62' title='bbox 1342 1517 1458 1583; x_wconf 86' lang='lat' dir='ltr'><strong>sed</strong></span> <span class='ocrx_word' id='word_1_63' title='bbox 1499 1518 1667 1582; x_wconf 91' lang='lat' dir='ltr'><strong>nihil</strong></span> <span class='ocrx_word' id='word_1_64' title='bbox 1710 1518 1855 1583; x_wconf 90' lang='lat' dir='ltr'><strong>tibi.</strong></span> 
     </span>
     <span class='ocr_line' id='line_1_12' title="bbox 304 1520 1935 1720; baseline 0 -37"><span class='ocrx_word' id='word_1_65' title='bbox 304 1585 424 1644; x_wconf 73' lang='lat'><strong>165</strong></span> <span class='ocrx_word' id='word_1_66' title='bbox 472 1520 852 1720; x_wconf 67' lang='lat' dir='ltr'><strong>{Ignoscito</strong></span> <span class='ocrx_word' id='word_1_67' title='bbox 898 1643 1092 1707; x_wconf 88' lang='lat' dir='ltr'><strong>saepe</strong></span> <span class='ocrx_word' id='word_1_68' title='bbox 1135 1619 1347 1702; x_wconf 85' lang='lat' dir='ltr'><strong>alteri,</strong></span> <span class='ocrx_word' id='word_1_69' title='bbox 1391 1642 1745 1708; x_wconf 86' lang='lat' dir='ltr'><strong>numquam</strong></span> <span class='ocrx_word' id='word_1_70' title='bbox 1788 1619 1935 1684; x_wconf 91' lang='lat' dir='ltr'><strong>tibi.</strong></span> 
     </span>
     <span class='ocr_line' id='line_1_13' title="bbox 468 1720 2425 1809; baseline 0 -21"><span class='ocrx_word' id='word_1_71' title='bbox 468 1723 695 1808; x_wconf 85' lang='lat' dir='ltr'><strong>Imago</strong></span> <span class='ocrx_word' id='word_1_72' title='bbox 738 1724 942 1787; x_wconf 90' lang='lat' dir='ltr'><strong>animi</strong></span> <span class='ocrx_word' id='word_1_73' title='bbox 987 1744 1197 1787; x_wconf 88' lang='lat' dir='ltr'><strong>sermo</strong></span> <span class='ocrx_word' id='word_1_74' title='bbox 1241 1729 1378 1806; x_wconf 87' lang='lat' dir='ltr'><strong>est:</strong></span> <span class='ocrx_word' id='word_1_75' title='bbox 1427 1720 1639 1809; x_wconf 89' lang='lat' dir='ltr'><strong>qualis</strong></span> <span class='ocrx_word' id='word_1_76' title='bbox 1686 1730 1786 1787; x_wconf 91' lang='lat' dir='ltr'><strong>est</strong></span> <span class='ocrx_word' id='word_1_77' title='bbox 1827 1722 1954 1806; x_wconf 83' lang='lat' dir='ltr'><strong>vir,</strong></span> <span class='ocrx_word' id='word_1_78' title='bbox 2000 1721 2153 1787; x_wconf 92' lang='lat' dir='ltr'><strong>talis</strong></span> <span class='ocrx_word' id='word_1_79' title='bbox 2197 1723 2425 1788; x_wconf 87' lang='lat' dir='ltr'><strong>oratio.</strong></span> 
     </span>
     <span class='ocr_line' id='line_1_14' title="bbox 469 1821 2143 1911; baseline -0.001 -24"><span class='ocrx_word' id='word_1_80' title='bbox 469 1822 827 1910; x_wconf 83' lang='lat' dir='ltr'><strong>Imperium</strong></span> <span class='ocrx_word' id='word_1_81' title='bbox 870 1824 1113 1889; x_wconf 88' lang='lat' dir='ltr'><strong>habere</strong></span> <span class='ocrx_word' id='word_1_82' title='bbox 1156 1824 1261 1887; x_wconf 82' lang='lat' dir='ltr'><strong>vis</strong></span> <span class='ocrx_word' id='word_1_83' title='bbox 1305 1821 1662 1908; x_wconf 78' lang='lat' dir='ltr'><strong>magnum?</strong></span> <span class='ocrx_word' id='word_1_84' title='bbox 1707 1824 1956 1911; x_wconf 90' lang='lat' dir='ltr'><strong>impera</strong></span> <span class='ocrx_word' id='word_1_85' title='bbox 1997 1823 2143 1888; x_wconf 88' lang='lat' dir='ltr'><strong>tibi.</strong></span> 
     </span>
     <span class='ocr_line' id='line_1_15' title="bbox 468 1924 2584 2013; baseline -0 -24"><span class='ocrx_word' id='word_1_86' title='bbox 468 1924 844 1990; x_wconf 81' lang='lat' dir='ltr'><strong>Imbecillos</strong></span> <span class='ocrx_word' id='word_1_87' title='bbox 889 1925 1107 1991; x_wconf 87' lang='lat' dir='ltr'><strong>oculos</strong></span> <span class='ocrx_word' id='word_1_88' title='bbox 1155 1946 1320 2008; x_wconf 84' lang='lat' dir='ltr'><strong>esse,</strong></span> <span class='ocrx_word' id='word_1_89' title='bbox 1366 1925 1478 2012; x_wconf 90' lang='lat' dir='ltr'><strong>qui</strong></span> <span class='ocrx_word' id='word_1_90' title='bbox 1521 1924 1607 1989; x_wconf 88' lang='lat' dir='ltr'><strong>ad</strong></span> <span class='ocrx_word' id='word_1_91' title='bbox 1651 1924 1932 1990; x_wconf 87' lang='lat' dir='ltr'><strong>alienam</strong></span> <span class='ocrx_word' id='word_1_92' title='bbox 1959 1924 2420 2013; x_wconf 84' lang='lat' dir='ltr'><strong>lippitudinem</strong></span> <span class='ocrx_word' id='word_1_93' title='bbox 2451 1926 2584 1990; x_wconf 88' lang='lat' dir='ltr'><strong>suf-</strong></span> 
     </span>
     <span class='ocr_line' id='line_1_16' title="bbox 954 2026 1340 2093; baseline -0.005 -2"><span class='ocrx_word' id='word_1_94' title='bbox 954 2026 1340 2093; x_wconf 85' lang='lat' dir='ltr'><strong>funduntur.</strong></span> 
     </span>
     <span class='ocr_line' id='line_1_17' title="bbox 470 2128 2584 2217; baseline -0.001 -23"><span class='ocrx_word' id='word_1_95' title='bbox 470 2129 552 2194; x_wconf 90' lang='lat' dir='ltr'><strong>In</strong></span> <span class='ocrx_word' id='word_1_96' title='bbox 574 2128 767 2193; x_wconf 85' lang='lat' dir='ltr'><strong>felice</strong></span> <span class='ocrx_word' id='word_1_97' title='bbox 789 2128 1071 2194; x_wconf 86' lang='lat' dir='ltr'><strong>felicitas</strong></span> <span class='ocrx_word' id='word_1_98' title='bbox 1096 2137 1194 2193; x_wconf 83' lang='lat' dir='ltr'><strong>est</strong></span> <span class='ocrx_word' id='word_1_99' title='bbox 1214 2129 1609 2209; x_wconf 86' lang='lat' dir='ltr'><strong>innocentia,</strong></span> <span class='ocrx_word' id='word_1_100' title='bbox 1625 2129 1921 2215; x_wconf 89' lang='lat' dir='ltr'><strong>nequitia</strong></span> <span class='ocrx_word' id='word_1_101' title='bbox 1942 2128 2086 2217; x_wconf 90' lang='lat' dir='ltr'><strong>ipsa</strong></span> <span class='ocrx_word' id='word_1_102' title='bbox 2106 2151 2316 2217; x_wconf 89' lang='lat' dir='ltr'><strong>poena</strong></span> <span class='ocrx_word' id='word_1_103' title='bbox 2340 2130 2440 2194; x_wconf 89' lang='lat' dir='ltr'><strong>sui</strong></span> <span class='ocrx_word' id='word_1_104' title='bbox 2465 2138 2584 2194; x_wconf 90' lang='lat' dir='ltr'><strong>est.</strong></span> 
     </span>
     <span class='ocr_line' id='line_1_18' title="bbox 304 2228 2342 2316; baseline 0 -22"><span class='ocrx_word' id='word_1_105' title='bbox 304 2239 428 2297; x_wconf 98' lang='grc'><strong>170</strong></span> <span class='ocrx_word' id='word_1_106' title='bbox 471 2230 553 2295; x_wconf 90' lang='lat' dir='ltr'><strong>In</strong></span> <span class='ocrx_word' id='word_1_107' title='bbox 596 2230 915 2296; x_wconf 87' lang='lat' dir='ltr'><strong>felicitate</strong></span> <span class='ocrx_word' id='word_1_108' title='bbox 959 2252 1031 2298; x_wconf 91' lang='lat' dir='ltr'><strong>se</strong></span> <span class='ocrx_word' id='word_1_109' title='bbox 1075 2232 1327 2316; x_wconf 88' lang='lat' dir='ltr'><strong>erigere</strong></span> <span class='ocrx_word' id='word_1_110' title='bbox 1373 2237 1471 2294; x_wconf 87' lang='lat' dir='ltr'><strong>est</strong></span> <span class='ocrx_word' id='word_1_111' title='bbox 1514 2228 1897 2296; x_wconf 86' lang='lat' dir='ltr'><strong>felicitatem</strong></span> <span class='ocrx_word' id='word_1_112' title='bbox 1941 2229 2342 2295; x_wconf 87' lang='lat' dir='ltr'><strong>submittere.</strong></span> 
     </span>
     <span class='ocr_line' id='line_1_19' title="bbox 471 2330 2047 2419; baseline -0.001 -23"><span class='ocrx_word' id='word_1_113' title='bbox 471 2333 722 2397; x_wconf 89' lang='lat' dir='ltr'><strong>Infirmi</strong></span> <span class='ocrx_word' id='word_1_114' title='bbox 765 2334 972 2397; x_wconf 89' lang='lat' dir='ltr'><strong>animi</strong></span> <span class='ocrx_word' id='word_1_115' title='bbox 1018 2342 1118 2397; x_wconf 90' lang='lat' dir='ltr'><strong>est</strong></span> <span class='ocrx_word' id='word_1_116' title='bbox 1161 2355 1292 2398; x_wconf 93' lang='lat' dir='ltr'><strong>non</strong></span> <span class='ocrx_word' id='word_1_117' title='bbox 1335 2352 1529 2419; x_wconf 90' lang='lat' dir='ltr'><strong>posse</strong></span> <span class='ocrx_word' id='word_1_118' title='bbox 1573 2330 1845 2396; x_wconf 86' lang='lat' dir='ltr'><strong>divitias</strong></span> <span class='ocrx_word' id='word_1_119' title='bbox 1890 2332 2047 2418; x_wconf 88' lang='lat' dir='ltr'><strong>pati.</strong></span> 
     </span>
     <span class='ocr_line' id='line_1_20' title="bbox 469 2433 2583 2522; baseline -0.001 -22"><span class='ocrx_word' id='word_1_120' title='bbox 469 2433 826 2500; x_wconf 89' lang='lat' dir='ltr'><strong>Inhonesta</strong></span> <span class='ocrx_word' id='word_1_121' title='bbox 867 2457 971 2499; x_wconf 90' lang='lat' dir='ltr'><strong>res</strong></span> <span class='ocrx_word' id='word_1_122' title='bbox 1018 2443 1120 2501; x_wconf 88' lang='lat' dir='ltr'><strong>est</strong></span> <span class='ocrx_word' id='word_1_123' title='bbox 1163 2455 1313 2500; x_wconf 89' lang='lat' dir='ltr'><strong>suos</strong></span> <span class='ocrx_word' id='word_1_124' title='bbox 1359 2434 1656 2498; x_wconf 84' lang='lat' dir='ltr'><strong>vincere:</strong></span> <span class='ocrx_word' id='word_1_125' title='bbox 1703 2436 1866 2499; x_wconf 89' lang='lat' dir='ltr'><strong>satis</strong></span> <span class='ocrx_word' id='word_1_126' title='bbox 1899 2443 2000 2500; x_wconf 89' lang='lat' dir='ltr'><strong>est</strong></span> <span class='ocrx_word' id='word_1_127' title='bbox 2026 2435 2316 2522; x_wconf 90' lang='lat' dir='ltr'><strong>potuisse</strong></span> <span class='ocrx_word' id='word_1_128' title='bbox 2345 2435 2583 2520; x_wconf 92' lang='lat' dir='ltr'><strong>puniri.</strong></span> 
     </span>
     <span class='ocr_line' id='line_1_21' title="bbox 468 2534 1907 2624; baseline 0.001 -25"><span class='ocrx_word' id='word_1_129' title='bbox 468 2534 550 2599; x_wconf 96' lang='lat' dir='ltr'><strong>In</strong></span> <span class='ocrx_word' id='word_1_130' title='bbox 592 2535 689 2599; x_wconf 92' lang='lat' dir='ltr'><strong>nil</strong></span> <span class='ocrx_word' id='word_1_131' title='bbox 732 2535 1043 2624; x_wconf 86' lang='lat' dir='ltr'><strong>sapiendo</strong></span> <span class='ocrx_word' id='word_1_132' title='bbox 1087 2537 1228 2600; x_wconf 89' lang='lat' dir='ltr'><strong>vita</strong></span> <span class='ocrx_word' id='word_1_133' title='bbox 1271 2534 1743 2600; x_wconf 89' lang='lat' dir='ltr'><strong>iucundissima</strong></span> <span class='ocrx_word' id='word_1_134' title='bbox 1788 2544 1907 2600; x_wconf 85' lang='lat' dir='ltr'><strong>est.</strong></span> 
     </span>
     <span class='ocr_line' id='line_1_22' title="bbox 468 2636 1834 2704; baseline 0.001 -4"><span class='ocrx_word' id='word_1_135' title='bbox 468 2636 747 2704; x_wconf 89' lang='lat' dir='ltr'><strong>Insanus</strong></span> <span class='ocrx_word' id='word_1_136' title='bbox 793 2640 1002 2703; x_wconf 91' lang='lat' dir='ltr'><strong>omnis</strong></span> <span class='ocrx_word' id='word_1_137' title='bbox 1049 2638 1268 2702; x_wconf 90' lang='lat' dir='ltr'><strong>furere</strong></span> <span class='ocrx_word' id='word_1_138' title='bbox 1312 2636 1522 2703; x_wconf 88' lang='lat' dir='ltr'><strong>credit</strong></span> <span class='ocrx_word' id='word_1_139' title='bbox 1565 2646 1834 2703; x_wconf 89' lang='lat' dir='ltr'><strong>ceteros.</strong></span> 
     </span>
     <span class='ocr_line' id='line_1_23' title="bbox 306 2737 1949 2828; baseline 0 -26"><span class='ocrx_word' id='word_1_140' title='bbox 306 2744 429 2804; x_wconf 90' lang='lat'>175</span> <span class='ocrx_word' id='word_1_141' title='bbox 474 2737 686 2804; x_wconf 87' lang='lat' dir='ltr'><strong>Insita</strong></span> <span class='ocrx_word' id='word_1_142' title='bbox 727 2739 918 2804; x_wconf 89' lang='lat' dir='ltr'><strong>nobis</strong></span> <span class='ocrx_word' id='word_1_143' title='bbox 961 2740 1169 2805; x_wconf 91' lang='lat' dir='ltr'><strong>nostri</strong></span> <span class='ocrx_word' id='word_1_144' title='bbox 1214 2741 1448 2804; x_wconf 89' lang='lat' dir='ltr'><strong>caritas</strong></span> <span class='ocrx_word' id='word_1_145' title='bbox 1496 2748 1595 2805; x_wconf 89' lang='lat' dir='ltr'><strong>est</strong></span> <span class='ocrx_word' id='word_1_146' title='bbox 1639 2739 1949 2828; x_wconf 87' lang='lat' dir='ltr'><strong>corporis.</strong></span> 
     </span>
     <span class='ocr_line' id='line_1_24' title="bbox 467 2840 1873 2928; baseline -0.001 -24"><span class='ocrx_word' id='word_1_147' title='bbox 467 2840 551 2904; x_wconf 93' lang='lat' dir='ltr'><strong>In</strong></span> <span class='ocrx_word' id='word_1_148' title='bbox 594 2842 947 2907; x_wconf 91' lang='lat' dir='ltr'><strong>sterculino</strong></span> <span class='ocrx_word' id='word_1_149' title='bbox 990 2840 1340 2927; x_wconf 89' lang='lat' dir='ltr'><strong>plurimum</strong></span> <span class='ocrx_word' id='word_1_150' title='bbox 1381 2840 1593 2927; x_wconf 87' lang='lat' dir='ltr'><strong>gallus</strong></span> <span class='ocrx_word' id='word_1_151' title='bbox 1639 2848 1873 2928; x_wconf 91' lang='lat' dir='ltr'><strong>potest.</strong></span> 
     </span>
     <span class='ocr_line' id='line_1_25' title="bbox 471 2940 2139 3030; baseline -0.002 -23"><span class='ocrx_word' id='word_1_152' title='bbox 471 2941 780 3028; x_wconf 88' lang='lat' dir='ltr'><strong>Intellige</strong></span> <span class='ocrx_word' id='word_1_153' title='bbox 827 2964 1067 3030; x_wconf 88' lang='lat' dir='ltr'><strong>ecquae</strong></span> <span class='ocrx_word' id='word_1_154' title='bbox 1111 2942 1265 3027; x_wconf 87' lang='lat' dir='ltr'><strong>sint,</strong></span> <span class='ocrx_word' id='word_1_155' title='bbox 1311 2952 1383 3009; x_wconf 89' lang='lat' dir='ltr'><strong>ut</strong></span> <span class='ocrx_word' id='word_1_156' title='bbox 1427 2952 1492 3008; x_wconf 83' lang='lat' dir='ltr'><strong>et</strong></span> <span class='ocrx_word' id='word_1_157' title='bbox 1534 2942 1703 3008; x_wconf 91' lang='lat' dir='ltr'><strong>bene</strong></span> <span class='ocrx_word' id='word_1_158' title='bbox 1745 2963 1901 3027; x_wconf 89' lang='lat' dir='ltr'><strong>agas</strong></span> <span class='ocrx_word' id='word_1_159' title='bbox 1945 2940 2139 3006; x_wconf 90' lang='lat' dir='ltr'><strong>bona.</strong></span> 
     </span>
     <span class='ocr_line' id='line_1_26' title="bbox 468 3037 2295 3136; baseline -0.001 -29"><span class='ocrx_word' id='word_1_160' title='bbox 468 3037 651 3136; x_wconf 82' lang='lat' dir='ltr'><strong>Inter</strong></span> <span class='ocrx_word' id='word_1_161' title='bbox 692 3046 935 3110; x_wconf 90' lang='lat' dir='ltr'><strong>amicos</strong></span> <span class='ocrx_word' id='word_1_162' title='bbox 980 3043 1311 3109; x_wconf 82' lang='lat' dir='ltr'><strong>iudicatur</strong></span> <span class='ocrx_word' id='word_1_163' title='bbox 1354 3067 1546 3133; x_wconf 89' lang='lat' dir='ltr'><strong>quam</strong></span> <span class='ocrx_word' id='word_1_164' title='bbox 1591 3045 1891 3109; x_wconf 89' lang='lat' dir='ltr'><strong>inimicos</strong></span> <span class='ocrx_word' id='word_1_165' title='bbox 1934 3042 2295 3108; x_wconf 87' lang='lat' dir='ltr'><strong>molestius.</strong></span> 
     </span>
     <span class='ocr_line' id='line_1_27' title="bbox 469 3145 2169 3234; baseline -0.001 -24"><span class='ocrx_word' id='word_1_166' title='bbox 469 3145 548 3210; x_wconf 94' lang='lat' dir='ltr'><strong>In</strong></span> <span class='ocrx_word' id='word_1_167' title='bbox 592 3145 941 3233; x_wconf 90' lang='lat' dir='ltr'><strong>tranquillo</strong></span> <span class='ocrx_word' id='word_1_168' title='bbox 988 3167 1132 3210; x_wconf 91' lang='lat' dir='ltr'><strong>esse</strong></span> <span class='ocrx_word' id='word_1_169' title='bbox 1178 3146 1454 3234; x_wconf 89' lang='lat' dir='ltr'><strong>quisque</strong></span> <span class='ocrx_word' id='word_1_170' title='bbox 1495 3145 1892 3231; x_wconf 89' lang='lat' dir='ltr'><strong>gubernator</strong></span> <span class='ocrx_word' id='word_1_171' title='bbox 1932 3152 2169 3233; x_wconf 89' lang='lat' dir='ltr'><strong>potest.</strong></span> 
     </span>
     <span class='ocr_line' id='line_1_28' title="bbox 310 3246 2111 3335; baseline -0.001 -25"><span class='ocrx_word' id='word_1_172' title='bbox 310 3255 430 3314; x_wconf 89' lang='lat'><strong>180</strong></span> <span class='ocrx_word' id='word_1_173' title='bbox 476 3246 652 3311; x_wconf 87' lang='lat' dir='ltr'><strong>Iram</strong></span> <span class='ocrx_word' id='word_1_174' title='bbox 697 3248 809 3335; x_wconf 89' lang='lat' dir='ltr'><strong>qui</strong></span> <span class='ocrx_word' id='word_1_175' title='bbox 853 3249 1083 3332; x_wconf 85' lang='lat' dir='ltr'><strong>vincit,</strong></span> <span class='ocrx_word' id='word_1_176' title='bbox 1128 3247 1383 3313; x_wconf 89' lang='lat' dir='ltr'><strong>hostem</strong></span> <span class='ocrx_word' id='word_1_177' title='bbox 1428 3250 1694 3334; x_wconf 85' lang='lat' dir='ltr'><strong>superat</strong></span> <span class='ocrx_word' id='word_1_178' title='bbox 1734 3247 2111 3311; x_wconf 85' lang='lat' dir='ltr'><strong>maximum.</strong></span> 
     </span>
     <span class='ocr_line' id='line_1_29' title="bbox 473 3347 2116 3433; baseline 0.001 -20"><span class='ocrx_word' id='word_1_179' title='bbox 473 3348 691 3414; x_wconf 88' lang='lat' dir='ltr'><strong>Iratus</strong></span> <span class='ocrx_word' id='word_1_180' title='bbox 739 3370 885 3414; x_wconf 90' lang='lat' dir='ltr'><strong>cum</strong></span> <span class='ocrx_word' id='word_1_181' title='bbox 927 3347 1128 3414; x_wconf 62' lang='lat' dir='ltr'><strong>ad”se</strong></span> <span class='ocrx_word' id='word_1_182' title='bbox 1170 3349 1391 3433; x_wconf 85' lang='lat' dir='ltr'><strong>rediit,</strong></span> <span class='ocrx_word' id='word_1_183' title='bbox 1439 3348 1570 3413; x_wconf 92' lang='lat' dir='ltr'><strong>sibi</strong></span> <span class='ocrx_word' id='word_1_184' title='bbox 1612 3357 1752 3415; x_wconf 87' lang='lat' dir='ltr'><strong>tum</strong></span> <span class='ocrx_word' id='word_1_185' title='bbox 1794 3350 2116 3415; x_wconf 84' lang='lat' dir='ltr'><strong>irascitur.</strong></span> 
     </span>
    </p>
   </div>
   <div class='ocr_carea' id='block_1_5' title="bbox 297 3473 705 3483">
    <p class='ocr_par' dir='ltr' id='par_1_5' title="bbox 297 3473 705 3483">
     <span class='ocr_line' id='line_1_30' title="bbox 297 3473 705 3483; baseline 0 1701"><span class='ocrx_word' id='word_1_186' title='bbox 297 3473 705 3483; x_wconf 95' lang='lat' dir='ltr'><strong> </strong></span> 
     </span>
    </p>
   </div>
   <div class='ocr_carea' id='block_1_6' title="bbox 291 3542 2608 4552">
    <p class='ocr_par' dir='ltr' id='par_1_6' title="bbox 292 3542 2586 4042">
     <span class='ocr_line' id='line_1_31' title="bbox 472 3542 2416 3620; baseline 0.001 -19"><span class='ocrx_word' id='word_1_187' title='bbox 472 3543 591 3601; x_wconf 89' lang='grc'><strong>157</strong></span> <span class='ocrx_word' id='word_1_188' title='bbox 637 3543 703 3600; x_wconf 89' lang='lat' dir='ltr'><strong>F.</strong></span> <span class='ocrx_word' id='word_1_189' title='bbox 737 3543 810 3600; x_wconf 89' lang='lat' dir='ltr'><strong>De</strong></span> <span class='ocrx_word' id='word_1_190' title='bbox 841 3560 977 3606; x_wconf 87' lang='lat' dir='ltr'><strong>mor.</strong></span> <span class='ocrx_word' id='word_1_191' title='bbox 1014 3543 1135 3601; x_wconf 85' lang='lat'>132</span> <span class='ocrx_word' id='word_1_192' title='bbox 1313 3544 1432 3602; x_wconf 89' lang='grc'><strong>158</strong></span> <span class='ocrx_word' id='word_1_193' title='bbox 1478 3546 1546 3600; x_wconf 85' lang='lat' dir='ltr'><strong>F.</strong></span> <span class='ocrx_word' id='word_1_194' title='bbox 1580 3543 1676 3601; x_wconf 88' lang='lat' dir='ltr'><strong>Est</strong></span> <span class='ocrx_word' id='word_1_195' title='bbox 1703 3544 2042 3620; x_wconf 79' lang='lat' dir='ltr'><strong>paraphrasis</strong></span> <span class='ocrx_word' id='word_1_196' title='bbox 2074 3560 2259 3600; x_wconf 89' lang='lat' dir='ltr'><strong>versus</strong></span> <span class='ocrx_word' id='word_1_197' title='bbox 2293 3542 2416 3604; x_wconf 88' lang='grc'><strong>217</strong></span> 
     </span>
     <span class='ocr_line' id='line_1_32' title="bbox 299 3626 2586 3703; baseline 0.001 -19"><span class='ocrx_word' id='word_1_198' title='bbox 299 3629 424 3685; x_wconf 89' lang='grc'><strong>159</strong></span> <span class='ocrx_word' id='word_1_199' title='bbox 469 3629 571 3686; x_wconf 86' lang='lat' dir='ltr'><strong>Ps.</strong></span> <span class='ocrx_word' id='word_1_200' title='bbox 710 3628 843 3686; x_wconf 70' lang='grc'><strong>’160</strong></span> <span class='ocrx_word' id='word_1_201' title='bbox 889 3628 992 3686; x_wconf 83' lang='lat' dir='ltr'><strong>Go.</strong></span> <span class='ocrx_word' id='word_1_202' title='bbox 1027 3628 1152 3685; x_wconf 91' lang='lat' dir='ltr'><strong>Sen.</strong></span> <span class='ocrx_word' id='word_1_203' title='bbox 1186 3630 1343 3703; x_wconf 80' lang='lat' dir='ltr'><strong>epist.</strong></span> <span class='ocrx_word' id='word_1_204' title='bbox 1379 3629 1439 3701; x_wconf 87' lang='lat'><strong>3,</strong></span> <span class='ocrx_word' id='word_1_205' title='bbox 1472 3627 1540 3693; x_wconf 86' lang='lat'><strong>2,·</strong></span> <span class='ocrx_word' id='word_1_206' title='bbox 1570 3628 1639 3685; x_wconf 89' lang='lat' dir='ltr'><strong>de</strong></span> <span class='ocrx_word' id='word_1_207' title='bbox 1669 3645 1806 3684; x_wconf 86' lang='lat' dir='ltr'><strong>mor.</strong></span> <span class='ocrx_word' id='word_1_208' title='bbox 1837 3626 1919 3685; x_wconf 91' lang='lat'><strong>48</strong></span> <span class='ocrx_word' id='word_1_209' title='bbox 2086 3627 2200 3685; x_wconf 90' lang='grc'><strong>161</strong></span> <span class='ocrx_word' id='word_1_210' title='bbox 2250 3629 2325 3685; x_wconf 89' lang='lat' dir='ltr'><strong>R.</strong></span> <span class='ocrx_word' id='word_1_211' title='bbox 2359 3627 2484 3684; x_wconf 91' lang='lat' dir='ltr'><strong>Sen.</strong></span> <span class='ocrx_word' id='word_1_212' title='bbox 2517 3627 2586 3687; x_wconf 83' lang='lat' dir='ltr'><strong>de</strong></span> 
     </span>
     <span class='ocr_line' id='line_1_33' title="bbox 295 3712 2582 3787; baseline 0.002 -19"><span class='ocrx_word' id='word_1_213' title='bbox 295 3712 514 3787; x_wconf 87' lang='lat' dir='ltr'><strong>provid.</strong></span> <span class='ocrx_word' id='word_1_214' title='bbox 551 3713 609 3785; x_wconf 88' lang='lat'><strong>5,</strong></span> <span class='ocrx_word' id='word_1_215' title='bbox 646 3713 720 3769; x_wconf 92' lang='lat'>11</span> <span class='ocrx_word' id='word_1_216' title='bbox 899 3713 1018 3770; x_wconf 90' lang='grc'><strong>162</strong></span> <span class='ocrx_word' id='word_1_217' title='bbox 1066 3715 1137 3770; x_wconf 88' lang='grc' dir='ltr'><strong>Ε.</strong></span> <span class='ocrx_word' id='word_1_218' title='bbox 1171 3713 1238 3769; x_wconf 88' lang='grc'><strong>(19</strong></span> <span class='ocrx_word' id='word_1_219' title='bbox 1269 3731 1405 3770; x_wconf 86' lang='lat' dir='ltr'><strong>mor.</strong></span> <span class='ocrx_word' id='word_1_220' title='bbox 1440 3712 1520 3771; x_wconf 92' lang='grc'><strong>26</strong></span> <span class='ocrx_word' id='word_1_221' title='bbox 1696 3713 1815 3770; x_wconf 88' lang='grc'><strong>163</strong></span> <span class='ocrx_word' id='word_1_222' title='bbox 1861 3713 1931 3768; x_wconf 88' lang='lat' dir='ltr'><strong>F.</strong></span> <span class='ocrx_word' id='word_1_223' title='bbox 2087 3712 2206 3771; x_wconf 89' lang='grc'><strong>164</strong></span> <span class='ocrx_word' id='word_1_224' title='bbox 2254 3714 2338 3770; x_wconf 84' lang='lat' dir='ltr'><strong>Gr</strong></span> <span class='ocrx_word' id='word_1_225' title='bbox 2366 3730 2431 3769; x_wconf 81' lang='lat' dir='ltr'><strong>ex</strong></span> <span class='ocrx_word' id='word_1_226' title='bbox 2460 3715 2582 3772; x_wconf 88' lang='lat' dir='ltr'><strong>cod.</strong></span> 
     </span>
     <span class='ocr_line' id='line_1_34' title="bbox 292 3796 2581 3872; baseline 0.002 -21"><span class='ocrx_word' id='word_1_227' title='bbox 292 3796 462 3854; x_wconf 79' lang='lat' dir='ltr'><strong>Palat.</strong></span> <span class='ocrx_word' id='word_1_228' title='bbox 524 3797 649 3853; x_wconf 91' lang='lat' dir='ltr'><strong>Sen.</strong></span> <span class='ocrx_word' id='word_1_229' title='bbox 684 3797 749 3854; x_wconf 90' lang='lat' dir='ltr'><strong>de</strong></span> <span class='ocrx_word' id='word_1_230' title='bbox 780 3798 988 3871; x_wconf 87' lang='lat' dir='ltr'><strong>provid.</strong></span> <span class='ocrx_word' id='word_1_231' title='bbox 1024 3797 1083 3870; x_wconf 87' lang='lat'><strong>5,</strong></span> <span class='ocrx_word' id='word_1_232' title='bbox 1118 3798 1199 3856; x_wconf 90' lang='lat'>10</span> <span class='ocrx_word' id='word_1_233' title='bbox 1399 3797 1519 3856; x_wconf 88' lang='grc'><strong>165</strong></span> <span class='ocrx_word' id='word_1_234' title='bbox 1564 3799 1640 3872; x_wconf 88' lang='lat' dir='ltr'><strong>F,</strong></span> <span class='ocrx_word' id='word_1_235' title='bbox 1670 3798 1768 3854; x_wconf 82' lang='lat' dir='ltr'><strong>Ps.</strong></span> <span class='ocrx_word' id='word_1_236' title='bbox 1802 3797 1875 3853; x_wconf 88' lang='lat' dir='ltr'><strong>De</strong></span> <span class='ocrx_word' id='word_1_237' title='bbox 1906 3814 2043 3853; x_wconf 85' lang='lat' dir='ltr'><strong>mor.</strong></span> <span class='ocrx_word' id='word_1_238' title='bbox 2079 3797 2221 3870; x_wconf 84' lang='lat'>111,</span> <span class='ocrx_word' id='word_1_239' title='bbox 2252 3797 2405 3855; x_wconf 80' lang='lat' dir='ltr'><strong>Caec.</strong></span> <span class='ocrx_word' id='word_1_240' title='bbox 2438 3799 2581 3857; x_wconf 80' lang='lat' dir='ltr'><strong>Balh.</strong></span> 
     </span>
     <span class='ocr_line' id='line_1_35' title="bbox 293 3880 2584 3957; baseline 0.003 -21"><span class='ocrx_word' id='word_1_241' title='bbox 293 3880 441 3937; x_wconf 88' lang='lat' dir='ltr'><strong>Mon.</strong></span> <span class='ocrx_word' id='word_1_242' title='bbox 478 3882 537 3954; x_wconf 85' lang='lat'>1,</span> <span class='ocrx_word' id='word_1_243' title='bbox 565 3881 627 3954; x_wconf 89' lang='lat'><strong>4,</strong></span> <span class='ocrx_word' id='word_1_244' title='bbox 657 3898 753 3956; x_wconf 85' lang='lat' dir='ltr'><strong>pg.</strong></span> <span class='ocrx_word' id='word_1_245' title='bbox 791 3882 890 3954; x_wconf 88' lang='lat'><strong>18,</strong></span> <span class='ocrx_word' id='word_1_246' title='bbox 923 3883 1128 3939; x_wconf 88' lang='lat' dir='ltr'><strong>Auson.</strong></span> <span class='ocrx_word' id='word_1_247' title='bbox 1160 3891 1368 3957; x_wconf 80' lang='lat' dir='ltr'><strong>septem</strong></span> <span class='ocrx_word' id='word_1_248' title='bbox 1398 3882 1522 3957; x_wconf 82' lang='lat' dir='ltr'><strong>Sap.</strong></span> <span class='ocrx_word' id='word_1_249' title='bbox 1556 3881 1740 3939; x_wconf 86' lang='lat' dir='ltr'><strong>Cleob.</strong></span> <span class='ocrx_word' id='word_1_250' title='bbox 1919 3882 2038 3940; x_wconf 90' lang='grc'><strong>166</strong></span> <span class='ocrx_word' id='word_1_251' title='bbox 2082 3883 2191 3939; x_wconf 86' lang='lat' dir='ltr'><strong>Pn.</strong></span> <span class='ocrx_word' id='word_1_252' title='bbox 2224 3884 2297 3939; x_wconf 93' lang='lat' dir='ltr'><strong>De</strong></span> <span class='ocrx_word' id='word_1_253' title='bbox 2327 3900 2464 3940; x_wconf 85' lang='lat' dir='ltr'><strong>mor.</strong></span> <span class='ocrx_word' id='word_1_254' title='bbox 2507 3886 2584 3943; x_wconf 88' lang='grc'><strong>73</strong></span> 
     </span>
     <span class='ocr_line' id='line_1_36' title="bbox 470 3966 2583 4042; baseline 0.002 -20"><span class='ocrx_word' id='word_1_255' title='bbox 470 3966 591 4024; x_wconf 90' lang='grc'><strong>167</strong></span> <span class='ocrx_word' id='word_1_256' title='bbox 641 3967 739 4022; x_wconf 84' lang='lat' dir='ltr'><strong>Gr.</strong></span> <span class='ocrx_word' id='word_1_257' title='bbox 770 3966 1026 4023; x_wconf 86' lang='lat' dir='ltr'><strong>Proverh.</strong></span> <span class='ocrx_word' id='word_1_258' title='bbox 1066 3966 1207 4039; x_wconf 88' lang='grc'><strong>132,</strong></span> <span class='ocrx_word' id='word_1_259' title='bbox 1238 3984 1401 4041; x_wconf 80' lang='lat' dir='ltr'><strong>supra</strong></span> <span class='ocrx_word' id='word_1_260' title='bbox 1430 3985 1524 4042; x_wconf 85' lang='lat' dir='ltr'><strong>pg.</strong></span> <span class='ocrx_word' id='word_1_261' title='bbox 1559 3968 1678 4024; x_wconf 91' lang='lat'><strong>111</strong></span> <span class='ocrx_word' id='word_1_262' title='bbox 1872 3967 1992 4025; x_wconf 89' lang='lat'><strong>168</strong></span> <span class='ocrx_word' id='word_1_263' title='bbox 2039 3967 2139 4024; x_wconf 84' lang='lat' dir='ltr'><strong>Go.</strong></span> <span class='ocrx_word' id='word_1_264' title='bbox 2174 3966 2299 4024; x_wconf 87' lang='lat' dir='ltr'><strong>Seu.</strong></span> <span class='ocrx_word' id='word_1_265' title='bbox 2331 3969 2397 4024; x_wconf 89' lang='grc'><strong>(19</strong></span> <span class='ocrx_word' id='word_1_266' title='bbox 2428 3968 2583 4026; x_wconf 84' lang='lat' dir='ltr'><strong>clem.</strong></span> 
     </span>
    </p>

    <p class='ocr_par' dir='ltr' id='par_1_7' title="bbox 291 4049 2608 4552">
     <span class='ocr_line' id='line_1_37' title="bbox 296 4049 2398 4123; baseline 0.001 -18"><span class='ocrx_word' id='word_1_267' title='bbox 296 4049 357 4123; x_wconf 84' lang='lat'><strong>2,</strong></span> <span class='ocrx_word' id='word_1_268' title='bbox 392 4051 452 4122; x_wconf 88' lang='grc'><strong>6,</strong></span> <span class='ocrx_word' id='word_1_269' title='bbox 482 4049 523 4106; x_wconf 84' lang='grc'>4</span> <span class='ocrx_word' id='word_1_270' title='bbox 730 4051 848 4109; x_wconf 89' lang='lat'><strong>169</strong></span> <span class='ocrx_word' id='word_1_271' title='bbox 897 4052 998 4109; x_wconf 82' lang='lat' dir='ltr'><strong>Go.</strong></span> <span class='ocrx_word' id='word_1_272' title='bbox 1033 4052 1100 4109; x_wconf 89' lang='grc'><strong>(19</strong></span> <span class='ocrx_word' id='word_1_273' title='bbox 1130 4069 1266 4108; x_wconf 89' lang='lat' dir='ltr'><strong>mor.</strong></span> <span class='ocrx_word' id='word_1_274' title='bbox 1301 4052 1399 4110; x_wconf 86' lang='lat'><strong>63.</strong></span> <span class='ocrx_word' id='word_1_275' title='bbox 1436 4051 1534 4109; x_wconf 89' lang='lat'><strong>64.</strong></span> <span class='ocrx_word' id='word_1_276' title='bbox 1744 4053 1865 4111; x_wconf 89' lang='grc'><strong>170</strong></span> <span class='ocrx_word' id='word_1_277' title='bbox 1912 4053 2011 4110; x_wconf 86' lang='lat' dir='ltr'><strong>Go.</strong></span> <span class='ocrx_word' id='word_1_278' title='bbox 2044 4051 2118 4107; x_wconf 90' lang='lat' dir='ltr'><strong>De</strong></span> <span class='ocrx_word' id='word_1_279' title='bbox 2147 4068 2285 4108; x_wconf 84' lang='lat' dir='ltr'><strong>mor.</strong></span> <span class='ocrx_word' id='word_1_280' title='bbox 2321 4052 2398 4110; x_wconf 91' lang='grc'><strong>62</strong></span> 
     </span>
     <span class='ocr_line' id='line_1_38' title="bbox 299 4134 2583 4210; baseline 0 -20"><span class='ocrx_word' id='word_1_281' title='bbox 299 4135 417 4191; x_wconf 91' lang='grc'><strong>171</strong></span> <span class='ocrx_word' id='word_1_282' title='bbox 466 4136 535 4192; x_wconf 89' lang='lat' dir='ltr'><strong>F.</strong></span> <span class='ocrx_word' id='word_1_283' title='bbox 569 4134 694 4191; x_wconf 83' lang='lat' dir='ltr'><strong>Seu.</strong></span> <span class='ocrx_word' id='word_1_284' title='bbox 729 4137 888 4210; x_wconf 83' lang='lat' dir='ltr'><strong>epist.</strong></span> <span class='ocrx_word' id='word_1_285' title='bbox 920 4135 982 4208; x_wconf 83' lang='lat'><strong>5,</strong></span> <span class='ocrx_word' id='word_1_286' title='bbox 1017 4136 1052 4194; x_wconf 98' lang='grc'><strong>6</strong></span> <span class='ocrx_word' id='word_1_287' title='bbox 1229 4135 1345 4194; x_wconf 88' lang='grc'><strong>172</strong></span> <span class='ocrx_word' id='word_1_288' title='bbox 1395 4138 1495 4194; x_wconf 82' lang='lat' dir='ltr'><strong>Go.</strong></span> <span class='ocrx_word' id='word_1_289' title='bbox 1528 4137 1602 4193; x_wconf 88' lang='lat' dir='ltr'><strong>De</strong></span> <span class='ocrx_word' id='word_1_290' title='bbox 1633 4153 1769 4193; x_wconf 86' lang='lat' dir='ltr'><strong>mor.</strong></span> <span class='ocrx_word' id='word_1_291' title='bbox 1806 4136 1906 4194; x_wconf 91' lang='lat'><strong>68.</strong></span> <span class='ocrx_word' id='word_1_292' title='bbox 1941 4136 2038 4195; x_wconf 87' lang='lat'><strong>69.</strong></span> <span class='ocrx_word' id='word_1_293' title='bbox 2198 4137 2317 4194; x_wconf 90' lang='grc'><strong>173</strong></span> <span class='ocrx_word' id='word_1_294' title='bbox 2362 4138 2470 4193; x_wconf 80' lang='lat' dir='ltr'><strong>Bc.</strong></span> <span class='ocrx_word' id='word_1_295' title='bbox 2504 4137 2583 4194; x_wconf 82' lang='lat' dir='ltr'><strong>Cf.</strong></span> 
     </span>
     <span class='ocr_line' id='line_1_39' title="bbox 291 4218 2580 4295; baseline 0.002 -21"><span class='ocrx_word' id='word_1_296' title='bbox 291 4218 513 4295; x_wconf 86' lang='lat' dir='ltr'><strong>Proleg.</strong></span> <span class='ocrx_word' id='word_1_297' title='bbox 545 4238 641 4294; x_wconf 81' lang='lat' dir='ltr'><strong>pg.</strong></span> <span class='ocrx_word' id='word_1_298' title='bbox 675 4218 755 4278; x_wconf 88' lang='grc'><strong>46</strong></span> <span class='ocrx_word' id='word_1_299' title='bbox 931 4220 1051 4277; x_wconf 91' lang='grc'><strong>174</strong></span> <span class='ocrx_word' id='word_1_300' title='bbox 1095 4222 1191 4278; x_wconf 78' lang='lat' dir='ltr'><strong>Ps.</strong></span> <span class='ocrx_word' id='word_1_301' title='bbox 1223 4221 1295 4277; x_wconf 87' lang='lat' dir='ltr'><strong>De</strong></span> <span class='ocrx_word' id='word_1_302' title='bbox 1326 4238 1462 4278; x_wconf 89' lang='lat' dir='ltr'><strong>mor.</strong></span> <span class='ocrx_word' id='word_1_303' title='bbox 1497 4220 1576 4279; x_wconf 85' lang='lat'><strong>35</strong></span> <span class='ocrx_word' id='word_1_304' title='bbox 1754 4220 1873 4278; x_wconf 87' lang='grc'><strong>175</strong></span> <span class='ocrx_word' id='word_1_305' title='bbox 1919 4222 1985 4277; x_wconf 95' lang='lat' dir='ltr'><strong>F.</strong></span> <span class='ocrx_word' id='word_1_306' title='bbox 2150 4220 2269 4279; x_wconf 89' lang='lat'>176</span> <span class='ocrx_word' id='word_1_307' title='bbox 2315 4223 2422 4280; x_wconf 89' lang='lat' dir='ltr'><strong>Bo.</strong></span> <span class='ocrx_word' id='word_1_308' title='bbox 2454 4220 2580 4279; x_wconf 90' lang='lat' dir='ltr'><strong>Sen.</strong></span> 
     </span>
     <span class='ocr_line' id='line_1_40' title="bbox 293 4304 2608 4380; baseline 0.003 -22"><span class='ocrx_word' id='word_1_309' title='bbox 293 4305 509 4378; x_wconf 78' lang='lat' dir='ltr'><strong>apocol.</strong></span> <span class='ocrx_word' id='word_1_310' title='bbox 558 4305 619 4378; x_wconf 89' lang='lat'><strong>7,</strong></span> <span class='ocrx_word' id='word_1_311' title='bbox 651 4305 688 4362; x_wconf 90' lang='lat'><strong>3</strong></span> <span class='ocrx_word' id='word_1_312' title='bbox 809 4304 927 4363; x_wconf 90' lang='lat'>177</span> <span class='ocrx_word' id='word_1_313' title='bbox 974 4305 1232 4380; x_wconf 80' lang='lat' dir='ltr'><strong>Scaliger.</strong></span> <span class='ocrx_word' id='word_1_314' title='bbox 1294 4305 1445 4364; x_wconf 83' lang='lat' dir='ltr'><strong>Sexti</strong></span> <span class='ocrx_word' id='word_1_315' title='bbox 1470 4306 1698 4380; x_wconf 80' lang='lat' dir='ltr'><strong>Pythag.</strong></span> <span class='ocrx_word' id='word_1_316' title='bbox 1733 4314 1873 4362; x_wconf 87' lang='lat' dir='ltr'><strong>sent.</strong></span> <span class='ocrx_word' id='word_1_317' title='bbox 1908 4324 1935 4361; x_wconf 81' lang='lat' dir='ltr'><strong>a</strong></span> <span class='ocrx_word' id='word_1_318' title='bbox 1965 4304 2157 4361; x_wconf 83' lang='lat' dir='ltr'><strong>Rufino</strong></span> <span class='ocrx_word' id='word_1_319' title='bbox 2188 4305 2281 4362; x_wconf 80' lang='lat' dir='ltr'><strong>lat.</strong></span> <span class='ocrx_word' id='word_1_320' title='bbox 2315 4322 2470 4363; x_wconf 86' lang='lat' dir='ltr'><strong>conv.</strong></span> <span class='ocrx_word' id='word_1_321' title='bbox 2502 4306 2608 4365; x_wconf 70' lang='lat'><strong>49-</strong></span> 
     </span>
     <span class='ocr_line' id='line_1_41' title="bbox 417 4388 2583 4465; baseline 0.003 -21"><span class='ocrx_word' id='word_1_322' title='bbox 417 4389 538 4447; x_wconf 89' lang='grc'><strong>178</strong></span> <span class='ocrx_word' id='word_1_323' title='bbox 629 4388 730 4446; x_wconf 85' lang='lat' dir='ltr'><strong>Gr.</strong></span> <span class='ocrx_word' id='word_1_324' title='bbox 765 4390 917 4446; x_wconf 82' lang='lat' dir='ltr'><strong>Caec.</strong></span> <span class='ocrx_word' id='word_1_325' title='bbox 952 4389 1096 4446; x_wconf 85' lang='lat' dir='ltr'><strong>Balb.</strong></span> <span class='ocrx_word' id='word_1_326' title='bbox 1128 4389 1247 4446; x_wconf 81' lang='lat' dir='ltr'><strong>Par.</strong></span> <span class='ocrx_word' id='word_1_327' title='bbox 1285 4390 1385 4465; x_wconf 89' lang='grc'><strong>23,</strong></span> <span class='ocrx_word' id='word_1_328' title='bbox 1417 4408 1509 4465; x_wconf 84' lang='lat' dir='ltr'><strong>pg.</strong></span> <span class='ocrx_word' id='word_1_329' title='bbox 1545 4391 1624 4449; x_wconf 87' lang='grc'><strong>39</strong></span> <span class='ocrx_word' id='word_1_330' title='bbox 1817 4390 1936 4449; x_wconf 87' lang='grc'><strong>179</strong></span> <span class='ocrx_word' id='word_1_331' title='bbox 1985 4391 2094 4447; x_wconf 90' lang='lat' dir='ltr'><strong>Bo.</strong></span> <span class='ocrx_word' id='word_1_332' title='bbox 2126 4388 2251 4446; x_wconf 91' lang='lat' dir='ltr'><strong>Sen.</strong></span> <span class='ocrx_word' id='word_1_333' title='bbox 2286 4392 2443 4465; x_wconf 84' lang='lat' dir='ltr'><strong>epist.</strong></span> <span class='ocrx_word' id='word_1_334' title='bbox 2480 4390 2583 4465; x_wconf 90' lang='grc'><strong>85,</strong></span> 
     </span>
     <span class='ocr_line' id='line_1_42' title="bbox 294 4473 2577 4552; baseline 0.002 -23"><span class='ocrx_word' id='word_1_335' title='bbox 294 4473 381 4531; x_wconf 89' lang='lat'><strong>43</strong></span> <span class='ocrx_word' id='word_1_336' title='bbox 517 4474 640 4533; x_wconf 90' lang='grc'><strong>180</strong></span> <span class='ocrx_word' id='word_1_337' title='bbox 682 4476 782 4532; x_wconf 82' lang='lat' dir='ltr'><strong>Ps.</strong></span> <span class='ocrx_word' id='word_1_338' title='bbox 817 4475 887 4530; x_wconf 87' lang='lat' dir='ltr'><strong>De</strong></span> <span class='ocrx_word' id='word_1_339' title='bbox 918 4492 1053 4531; x_wconf 88' lang='lat' dir='ltr'><strong>mor.</strong></span> <span class='ocrx_word' id='word_1_340' title='bbox 1086 4475 1162 4533; x_wconf 91' lang='lat'>81</span> <span class='ocrx_word' id='word_1_341' title='bbox 1345 4476 1460 4534; x_wconf 91' lang='lat'><strong>181</strong></span> <span class='ocrx_word' id='word_1_342' title='bbox 1513 4476 1613 4532; x_wconf 84' lang='lat' dir='ltr'><strong>Gr.</strong></span> <span class='ocrx_word' id='word_1_343' title='bbox 1647 4475 1802 4532; x_wconf 85' lang='lat' dir='ltr'><strong>Caec.</strong></span> <span class='ocrx_word' id='word_1_344' title='bbox 1835 4475 1981 4532; x_wconf 79' lang='lat' dir='ltr'><strong>Balb.</strong></span> <span class='ocrx_word' id='word_1_345' title='bbox 2013 4473 2155 4531; x_wconf 84' lang='lat' dir='ltr'><strong>Mon.</strong></span> <span class='ocrx_word' id='word_1_346' title='bbox 2192 4475 2250 4549; x_wconf 89' lang='lat'><strong>7,</strong></span> <span class='ocrx_word' id='word_1_347' title='bbox 2281 4477 2341 4549; x_wconf 88' lang='lat'><strong>3,</strong></span> <span class='ocrx_word' id='word_1_348' title='bbox 2372 4494 2466 4552; x_wconf 81' lang='lat' dir='ltr'><strong>pg.</strong></span> <span class='ocrx_word' id='word_1_349' title='bbox 2502 4476 2577 4534; x_wconf 89' lang='grc'><strong>21</strong></span> 
     </span>
    </p>
   </div>
  </div>
 </body>
</html>
